3146 5012
477 449 586 521 VITA
614 448 864 522 BRUNONlS.
1131 508 1138 521 χ
1182 453 1229 523 43

138 650 381 724 fidelissimus
409 649 533 722 socius
567 650 615 722 vad
652 651 968 746 comparandam
999 649 1229 723 fortissimus
1258 665 1321 721 965.

139 753 243 825 adiut
228 761 289 824 tor
307 751 352 823 ad
372 774 451 823 rem
472 750 660 864 publicam
688 748 958 864 perficiendam
985 750 1065 822 fuit.

215 855 274 927 42.
309 851 440 1024 Igitur
463 875 548 922 cum
582 851 619 923 in
644 852 719 924 hoc
747 850 985 924 sanctissimo
1013 850 1173 924 studio
1163 877 1231 923 rm·

137 961 331 1051 peratort
333 951 549 1026 ricesimnm
576 951 683 1049 regni
711 951 781 1047 s'ui,
809 975 1012 1050 germanus
1034 951 1113 1024 eius
1140 953 1232 1025 duo·

139 1053 327 1166 decimum
354 1050 594 1150 pontificatus
623 1053 680 1124 sui
708 1065 838 1150 ageret
866 1077 1026 1148 annum,
1062 1054 1228 1124 nondum

138 1154 209 1226 nisi
225 1153 285 1226 vix
304 1155 527 1251 praelapsus
543 1165 603 1226 aet
589 1153 677 1225 tatis
692 1155 1039 1251 quadragesimum,
1059 1163 1230 1225 sanctam

137 1254 404 1367 pentecosten1
423 1255 536 1326 simul
552 1254 732 1327 Coloniae
748 1255 996 1350 celebranteS,
1016 1278 1088 1350 qua
1108 1253 1230 1326 maior
1259 1276 1316 1332 Mai

138 1354 360 1427 mortalibus
388 1353 508 1452 gloria
536 1379 717 1428 concessa
746 1378 820 1426 non
848 1365 917 1449 est,
954 1377 1039 1427 sese
1066 1353 1226 1427 invicem
1270 1349 1311 1405 ¹4·

138 1457 235 1530 inter
261 1465 391 1527 sancta
417 1455 684 1555 sollempnium
713 1455 858 1529 dierum
885 1410 1011 1528 cilicia
1043 1480 1116 1527 una
1144 1479 1230 1527 cum

139 1556 221 1630 diva
250 1567 383 1650 matre,
411 1580 542 1628 sorore
570 1574 701 1654 regma
714 1555 740 1652 ²,
768 1556 966 1654 nepotibus
992 1555 1156 1652 filiisque
1173 1580 1231 1628 re·

95 1665 97 1672 ’
138 1657 259 1754 gibuS,
285 1666 441 1754 totaque
468 1657 531 1728 illa
559 1656 638 1730 Deo
678 1657 814 1731 dilecta
845 1655 988 1729 familia
1021 1666 1059 1728 et
1085 1655 1229 1728 cunctis

136 1756 244 1854 regni
272 1756 508 1847 senatoribus
536 1758 736 1830 affuerunt.
774 1758 931 1830 Constat
958 1756 1056 1830 enim
1083 1757 1228 1829 nullum

14 1893 18 1907 ·
75 1869 76 1874 ’
139 1859 340 1954 aliquando
368 1859 495 1930 locum
523 1867 625 1931 tanta
646 1858 877 1953 celebritate,
904 1868 1007 1930 tanto
1029 1858 1230 1955 splendore

139 1958 260 2031 omnis
287 1957 437 2056 generis
465 1958 682 2054 hominum,
722 1960 909 2053 aetatum,
950 1957 1123 2030 ordinum
1163 1955 1231 2029 sso-

137 2059 271 2132 ruisse.
307 2059 413 2131 Hanc
439 2058 564 2155 itaque
592 2058 1050 2157 gloriosissimi'caesaris
1079 2058 1229 2156 augusti

140 2171 177 2232 et
212 2159 383 2257 germani
420 2159 521 2254 eiua,
562 2159 700 2232 summi
740 2169 778 2232 et
817 2158 1121 2256 incomparabilis
1160 2158 1229 2234 viri

136 2259 324 2333 Brunonis
351 2260 639 2358 archiepiscopi,
667 2259 781 2333 fidam
809 2259 964 2356 Deoque
991 2259 1200 2358 placitam
1190 2285 1228 2331 m

139 2361 240 2433 omni
262 2361 458 2474 ‘voluntate
479 2371 516 2435 et
535 2386 649 2475 opere
678 2361 994 2456 coniunctionem,
1019 2361 1117 2433 hanc
1142 2384 1230 2432 con·

138 2461 258 2559 spirat
259 2459 384 2534 ionem
410 2461 449 2532 in
476 2464 577 2534 omni
606 2461 743 2534 utilitat
690 2471 766 2535 tate
794 2473 832 2534 et
856 2462 1033 2534 honestat
1019 2473 1056 2534 te
1075 2460 1231 2533 admini-

137 2561 289 2633 stranda
310 2571 347 2634 et
363 2563 459 2634 bene
479 2563 656 2660 gerenda,
684 2564 782 2635 hanc
801 2561 1110 2635 iucundissimam
1132 2561 1229 2634 vitae

138 2661 847 2760 officiorumqueomniumsocietatem,
868 2687 1106 2758 morssaeva,
1126 2685 1228 2734 mors

136 2763 344 2857 horrenda,
364 2786 467 2836 mors
499 2762 651 2859 inquam
687 2764 768 2836 sola
796 2762 957 2852 diremit.
1010 2763 1058 2834 Et
1083 2786 1228 2856 revera,

137 2864 308 2959 quamvis
335 2863 427 2935 nihil
456 2864 620 2936 atrocius
639 2864 840 2960 videretur,
868 2863 960 2935 nihil
986 2872 1114 2936 tamen
1143 2886 1227 2937 esse

134 2962 271 3061 potuit,
290 2964 389 3059 quod
408 2987 493 3036 eam
512 2963 747 3038 innocentius
767 2963 991 3038 diremisset.

212 3066 271 3136 43.
300 3061 401 3161 Ergo
430 3087 515 3135 cum
543 3088 715 3138 summus
741 3065 899 3138 antistes
917 3064 1042 3136 Bruno
1068 3063 1227 3137 senioris
1258 3079 1317 3136 tun.

137 3173 175 3239 et
200 3163 327 3236 fratris
353 3163 411 3236 sui
439 3163 622 3238 orientem
648 3188 781 3238 versus
818 3165 940 3238 euntis
968 3164 1227 3259 contubernia,

135 3289 248 3338 ruens
275 3264 380 3363 prius
406 3264 443 3336 in
464 3266 592 3338 oscula
620 3274 657 3340 et
683 3263 779 3339 flens
803 3264 971 3362 largiter,
998 3262 1226 3360 reliquisset,
1297 3352 1311 3359 ,-

134 3376 366 3464 paccataque
385 3365 508 3439 omnia
529 3366 718 3462 etquieta
747 3365 843 3438 intra
870 3375 992 3438 metas
1020 3365 1127 3463 regni
1155 3363 1225 3435 sibi

135 3466 317 3564 creditas,
357 3491 474 3566 agens
502 3466 582 3541 Deo
618 3467 779 3564 gratias,
820 3465 1048 3563 aspexisset:
1089 3465 1226 3538 iterum

134 3567 346 3663 iterumque
374 3589 464 3639 suos
497 3591 649 3663 omneS,
689 3568 850 3662 clerum,
889 3566 1088 3664 populum,
1128 3591 1225 3662 quae

135 3667 281 3766 agenda
308 3666 480 3762 fuissent,
507 3666 736 3762 ammonuit,
773 3677 810 3741 et
836 3691 923 3739 mox
957 3666 994 3738 in
1031 3665 1224 3741 occidente

135 3766 432 3866 Compendium³
459 3768 560 3866 adiit,
585 3779 625 3842 ut
642 3769 779 3842 ibidem
800 3778 954 3866 nepotes
981 3791 1070 3841 suos
1099 3771 1145 3840 ab
1172 3768 1226 3840 in·
1292 3827 1294 3830 .

133 3868 254 3943 vicem
282 3868 464 3942 dissident
449 3878 507 3942 tes
527 3871 571 3941 ad
592 3869 830 3943 concordiam
851 3879 1058 3962 revocaret,
1032 3869 1123 3941 tin
1152 3868 1225 3942 tide

136 4004 160 4074 l)
180 4014 226 4059 aut
253 4003 380 4060 Ottoncm
403 4003 474 4058 circa
502 4005 571 4058 diem
600 4005 645 4057 23.
664 4004 731 4060 Maii
762 4002 875 4059 Colonia
902 4005 1099 4076 lngelheimum
1129 4022 1225 4058 rever-

132 4095 203 4140 sum,
231 4089 291 4149 post
317 4094 419 4149 paucos
449 4079 506 4132 dies
526 4075 667 4132 Coloniam
697 4079 793 4132 iterum
823 4080 937 4142 adiisse,
966 4087 1019 4146 aut,
1049 4078 1123 4150 quod
1143 4095 1225 4146 aegre

133 4152 241 4214 credas,
269 4151 438 4221 lluotgcrum
467 4169 571 4206 errasse
600 4153 771 4205 statuendum
800 4153 858 4206 erit.
899 4119 978 4206 Cdrte
1008 4119 1152 4222 imperator
1181 4152 1224 4204 die

131 4223 178 4278 23.
206 4190 273 4279 Mlti
302 4222 479 4292 lngelbcimi‚
506 4227 531 4279 d.
560 4225 606 4280 25.
634 4223 784 4290 'triburiae
818 4227 843 4279 d.
871 4226 945 4278 2et·
953 4223 981 4277 8.
1001 4223 1073 4277 lunii
1094 4221 1224 4278 Coloniae

133 4298 277 4368 diplomata
298 4297 390 4350 edidit.
427 4298 454 4368 2)
475 4297 614 4368 Gerberga
635 4316 695 4352 curn
715 4297 778 4352 filiis
797 4300 897 4354 aderat.
938 4297 964 4370 3)
985 4295 1162 4369 Compiegne.
