3146 5012
326 493 370 561 14
746 482 988 556 RUOTGERI

231 703 294 758 953.
324 686 458 785 quibus
479 682 811 756 consuetudinibus
830 683 935 756 inniti
955 684 1157 760 debuisset.
1195 687 1285 761 Erat
1303 690 1336 763 ei
1356 716 1420 764 co·

323 788 454 860 mitate
473 785 625 858 condita
643 784 827 882 gravitas3
855 785 907 856 ita
926 783 1130 860 confluenti
1148 791 1280 863 turbae
1299 792 1418 865 modi·

324 913 411 962 curn
429 884 559 959 hilaris
588 894 625 957 et
643 909 710 981 per
729 884 858 956 omnia
876 884 1058 958 mirabilis
1079 892 1293 986 apparebat.

401 991 458 1062 13.
486 989 646 1059 Ventum
674 986 803 1058 estad
830 986 1125 1060 sacratissimam
1155 991 1296 1088 sedem,
1324 992 1418 1074 ,huic

322 1089 385 1188 pio
404 1085 589 1187 provisori
608 1088 653 1159 ab
673 1085 930 1184 omnipotente
948 1086 1110 1161 Domino
1131 1101 1217 1164 ante
1242 1102 1416 1190 tempora

323 1197 602 1288 praeparatam,
621 1186 658 1258 in
673 1187 755 1284 ipso
770 1197 942 1285 tempore
953 1200 1246 1285 praesentatam.
1279 1193 1418 1266 Factus

325 1301 384 1365 est
397 1309 603 1363 concursus
618 1287 751 1384 ingens
765 1287 905 1386 populi,
920 1287 1063 1360 infinita
1079 1291 1277 1388 trepidatio
1294 1294 1417 1393 vulgi3

324 1391 431 1464 novis
451 1388 598 1488 gaudiis
618 1388 798 1461 exultavit
823 1387 964 1461 civitas.
1002 1389 1135 1464 Clerus
1159 1418 1203 1465 ex
1228 1405 1415 1468 monaste·

324 1492 388 1564 riis
409 1488 594 1584 convenit,
621 1489 965 1589 sanctimonialium
990 1490 1188 1564 multitudo
1215 1495 1417 1590 concurrit⁷

324 1590 487 1666 conditio
515 1589 704 1688 quaelibet
729 1599 766 1662 et
793 1613 905 1662 sexus
933 1600 1089 1687 uterque
1116 1593 1202 1691 plus
1229 1595 1340 1667 solito
1369 1596 1414 1668 ad

325 1692 461 1792 gaudia
488 1700 755 1764 convenerunt.
791 1690 987 1764 Aecclesia
1004 1691 1104 1765 laeta
1124 1695 1269 1792 prolem
1294 1719 1418 1793 suam,

325 1790 505 1867 maternis
534 1800 689 1864 eatenus
707 1790 886 1863 lactatam
907 1791 1093 1889 uberibuS,
1119 1795 1194 1867 iam
1220 1796 1257 1867 in
1278 1797 1418 1870 Christi

325 1893 447 1992 gratia
466 1892 644 1986 adultam,
664 1891 701 1963 in
720 1890 779 1963 die
797 1902 924 1964 tantae
943 1892 1235 1991 sollempnitatis
1254 1898 1416 1970 ablacta-

324 1995 390 2091 vit,
410 2004 447 2066 et
465 1991 710 2091 spiritualiter
727 2001 888 2064 matrem
903 2015 988 2066 esse
1007 1993 1212 2093 constituit,
1232 2021 1327 2094 quae
1346 1998 1418 2070 sibi

324 2094 565 2194 postmodum
591 2093 742 2188 filiolos,
769 2091 808 2163 in
832 2091 966 2188 quibus
986 2093 1157 2167 Christus
1176 2097 1419 2193 formaretur,

325 2195 465 2269 ellectu
492 2193 710 2267 dulcissimo
739 2193 951 2289 parturiret.
989 2193 1166 2294 Episcopi
1186 2209 1326 2296 autem,
1354 2198 1417 2294 qui

323 2297 540 2392 frequentes
568 2295 741 2389 aderant,
778 2303 815 2366 et
846 2294 956 2365 huius
984 2294 1104 2368 sancti
1131 2297 1221 2370 cleri
1249 2310 1418 2394 senatus,

325 2394 621 2469 acclamantibus
640 2393 784 2466 cunctis
803 2393 840 2465 in
855 2417 948 2467 voce
963 2394 1200 2469 exultationis
1211 2398 1253 2470 vet
1271 2399 1418 2495 salutis,

326 2497 489 2571 electum
505 2518 525 2566 a
539 2494 619 2568 Deo
643 2504 680 2566 et
693 2492 906 2566 hominibus
929 2493 1051 2572 virum
1066 2519 1180 2593 super
1199 2499 1417 2574 cathedram

325 2595 582 2696 pontificalem
609 2595 742 2668 sedere
767 2595 950 2691 fecerunt,
978 2605 1016 2668 et
1033 2596 1185 2670 laudem
1205 2598 1284 2674 Deo
1305 2600 1417 2672 simul
1485 2651 1488 2656 .
1536 2649 1542 2695 '2

325 2695 490 2770 universi
517 2696 696 2793 clamore,
724 2720 797 2792 quo
826 2694 984 2792 quisque
1010 2706 1171 2795 poterat,
1198 2699 1235 2772 in
1263 2701 1421 2799 organis

327 2797 570 2870 nihilominus
599 2807 637 2870 et
664 2795 844 2892 cymbalis
872 2807 909 2869 et
934 2820 1173 2896 quocumque
1208 2799 1316 2898 signo
1343 2802 1421 2874 lae·

325 2899 436 2973 ticiae
454 2906 740 2996 personuerunt.
1096 2953 1098 2957 ,

404 3001 460 3073 14.
489 2998 632 3072 Exinde
657 2995 779 3068 omnis
806 2996 887 3070 eius
910 2995 1081 3094 intentio,
1109 3024 1221 3073 omne
1240 3002 1419 3099 studium⁷

326 3108 480 3172 sanctae
507 3097 617 3172 matri
645 3096 852 3170 aecclesiae
889 3108 953 3168 aut
987 3097 1220 3174 munimento
1257 3103 1327 3175 luit
1354 3112 1418 3175 aut
1524 3101 1525 3104 ’

327 3209 560 3273 ornamento.
592 3197 790 3270 Munienda
806 3195 949 3271 scilicet
964 3209 1044 3270 erat
1058 3201 1235 3298 exterius,
1251 3203 1418 3275 ornanda

324 3300 498 3396 interius3
526 3299 727 3372 munienda
751 3298 788 3370 in
814 3298 1059 3394 secularibus,
1087 3302 1253 3374 ornanda
1279 3301 1316 3374 in
1344 3303 1419 3401 spi·
1526 3326 1535 3371 .·

325 3401 532 3473 ritualibus.
569 3398 708 3472 Dilexit
726 3408 813 3472 ante
841 3400 965 3471 omnia
985 3399 1323 3474 decoremuomus
1344 3402 1417 3475 Do·
1484 3427 1487 3434 ·

325 3501 417 3573 mini
436 3512 474 3575 et
490 3501 617 3574 locum
635 3499 877 3572 habitationis
895 3497 1040 3598 gloriae
1059 3499 1179 3597 eius¹3
1207 3502 1280 3575 hoc
1299 3528 1340 3578 se
1361 3529 1418 3578 ar·
1515 3567 1520 3576 .

326 3601 415 3676 dere
442 3601 626 3674 desiderio
654 3599 782 3673 multis
809 3599 931 3672 modis
954 3599 1223 3698 perspicaciter
1241 3605 1417 3702 ostendit,
1514 3626 1532 3671 .’

327 3702 424 3798 quod
443 3701 504 3774 hic
524 3700 663 3799 scripto
683 3701 939 3799 perstringere
958 3725 1115 3775 necesse
1134 3728 1209 3776 non
1229 3715 1298 3801 est,
1326 3729 1419 3801 quo·
1515 3760 1520 3769 .

325 3802 426 3877 niam
454 3800 603 3899 quidem
631 3801 835 3874 illustrium
853 3799 934 3874 eius
953 3801 1139 3876 factorum
1158 3804 1342 3878 memoria
1360 3829 1418 3878 re-
1516 3840 1520 3901 ;

325 3897 414 3977 cens
442 3913 511 3999 est,
538 3902 671 3976 necin
699 3902 779 3976 eius
804 3900 947 3999 populo
980 3903 1025 3976 de
1053 3927 1097 3977 eo
1125 3903 1228 4001 loqui
1255 3904 1419 3978 cessabit
1516 3910 1521 3923 '

325 4003 447 4077 omnis
475 4002 537 4103 qui
564 4002 677 4077 fidem
713 4012 750 4076 et
784 4000 982 4075 veritatem
1015 4002 1166 4076 amabit.
1221 4004 1416 4091 Quaedam

323 4114 450 4179 tamen
478 4105 523 4178 de
550 4103 622 4201 his,
649 4114 689 4177 ut
714 4101 995 4202 proposuimus,
1023 4113 1175 4203 propter
1201 4107 1415 4204 exemplum
1518 4127 1522 4137 ·

317 4215 363 4284 ¹et
380 4203 667 4280 instructionem
686 4203 937 4304 plurimorum
952 4203 1179 4303 scriptorum
1195 4206 1344 4281 silentio
1363 4218 1419 4281 te-
1514 4207 1522 4289 ὲ,

399 4330 600 4402 ummo
