3146 5012
532 473 641 545 VlTA
668 471 919 546 BRUNONIS.
1226 475 1273 546 33

178 673 390 770 transfudit,
419 674 519 748 etin
547 700 664 774 regno
690 699 782 748 suae
809 673 1066 772 providentiae
1098 673 1273 770 delegato

179 774 315 872 partim
344 776 531 873 exemplm
559 775 696 873 partim
724 799 839 873 opere
863 775 1030 873 proprio‚
1057 773 1193 872 partim
1212 798 1276 845 va·

180 875 235 946 ria
268 899 517 972 personarum
548 875 735 974 qualitate
770 878 807 950 et
844 877 974 948 crebra
1004 873 1275 946 ammonitione

101 1039 103 1048 .
180 974 336 1049 diffudit.
390 977 471 1048 Non
500 976 600 1050 enim
628 999 763 1076 passus
792 986 850 1049 est
884 999 1040 1047 suorum
1069 973 1276 1070 quemlibet

139 1112 141 1116 .
180 1086 245 1148 aut
270 1077 462 1149 incassum
481 1077 671 1176 occupari,
701 1087 766 1150 ant
784 1075 861 1148 otio
881 1073 1032 1175 torpere
1051 1074 1180 1170 inerti3
1209 1073 1276 1144 dif-

178 1175 332 1274 finiens,
369 1187 409 1250 ut
444 1179 589 1252 solebat
619 1178 744 1274 loqui,
779 1177 960 1276 ignavum
994 1181 1110 1272 pecus
1147 1199 1276 1248 arcen-

180 1277 269 1350 dum
298 1302 319 1349 a
346 1279 609 1377 praesepibu53
642 1288 679 1352 et
705 1278 913 1351 secundum
942 1273 1199 1374 apostolum1:
1231 1273 1276 1346 Ut
1309 1309 1311 1314 ·

180 1381 339 1474 quinon
367 1376 533 1474 laborat,
560 1403 625 1452 nec
650 1378 856 1451 manducet.
910 1378 990 1449 Non
1018 1387 1177 1474 possunt
1204 1377 1277 1448 sin·

181 1478 342 1576 gillatim
368 1479 552 1577 perscribi
587 1482 684 1552 hona
719 1479 866 1574 omnia,
904 1502 1000 1574 quae
1033 1476 1143 1575 fecit,
1179 1501 1275 1574 quae

153 1579 319 1676 docuit,
347 1605 443 1676 quae
464 1581 613 1653 amavit.
650 1580 811 1653 Tantum
838 1603 990 1676 semper
1016 1577 1189 1652 materiei
1216 1601 1276 1649 su·

180 1680 321 1776 pererit
337 1680 373 1751 id
394 1681 624 1778 curantibus,
644 1691 684 1752 ut
702 1680 775 1779 ipsi
793 1679 964 1776 profecto
985 1687 1071 1752 ante
1085 1678 1178 1750 lassi
1197 1701 1276 1751 ces·

181 1779 358 1876 saverinb
386 1806 500 1879 quam
518 1781 553 1854 id
574 1783 672 1878 quod
692 1779 897 1853 moliuntur
916 1779 1158 1878 expleverint.
1195 1778 1275 1851 lam

179 1904 269 1953 vero
284 1880 322 1952 in
336 1881 616 1979 praedicatione
628 1883 731 1956 verbi
743 1881 814 1954 Dei
829 1891 866 1954 et
877 1881 917 1953 in
930 1879 1137 1954 subtilitate
1150 1879 1276 1977 dispu-

180 1981 378 2076 tationum,
398 1983 718 2056 etdesinceritate
728 1983 1013 2079 scripturarum,
1029 1979 1151 2076 qualis
1162 2005 1278 2077 quan·
1321 1989 1324 1994 '

180 2091 317 2178 tusque
335 2082 461 2178 fuerit,
480 2083 657 2155 admirari
676 2105 892 2180 possumus,
917 2081 1078 2153 diffinire
1097 2104 1172 2152 non
1191 2103 1277 2178 pos·

182 2205 334 2276 sumus;
363 2209 459 2280 quae
479 2193 556 2256 tam
576 2184 730 2282 copiose
749 2182 851 2255 sanis
875 2181 1114 2254 sermonibus
1134 2180 1276 2254 domini

76 2321 78 2328 ·
182 2283 301 2355 nostri
327 2282 413 2356 lesu
441 2283 579 2357 Christi
607 2294 645 2358 et
670 2309 714 2357 ea
742 2309 839 2380 quae
868 2283 1075 2356 secundum
1095 2281 1275 2378 pietatem

182 2394 240 2456 est
267 2385 436 2457 doctrina
462 2385 641 2482 profudit,
670 2395 710 2457 ut
727 2384 884 2482 plenum
911 2408 997 2456 curn
1018 2406 1103 2456 esse
1131 2382 1277 2479 sapien·

181 2484 232 2556 tia
252 2483 421 2582 Dei-per
440 2509 552 2580 quam
572 2485 699 2559 omnia
725 2487 948 2580 factasunt,
976 2507 1085 2556 nemo
1112 2483 1186 2554 hoc
1214 2507 1277 2555 au·

182 2584 354 2658 diens-et
380 2594 483 2658 recte
509 2586 735 2683 intellegens
763 2583 997 2657 dubitaverit.
1051 2583 1099 2654 Et
1124 2593 1166 2655 ut
1184 2582 1276 2655 nihil

182 2686 278 2782 quod
307 2685 418 2758 divini
447 2685 570 2758 cultus
605 2685 690 2757 usui
717 2694 970 2782 competeret,
999 2707 1117 2782 sagax
1144 2709 1276 2756 eorum

181 2811 278 2882 quae
314 2796 401 2858 sunt
426 2785 512 2860 lesu
541 2785 680 2858 Christi
712 2795 899 2857 scrutator
926 2785 1194 2880 intemptatum
1220 2807 1277 2856 re-

181 2886 388 2982 linqueret,
423 2887 454 2958 si
481 2910 576 2983 quos
604 2897 669 2959 aut
702 2887 741 2958 in
777 2909 932 2957 suorum
969 2884 1123 2957 ovilium
1159 2883 1275 3054 septis

182 2997 247 3058 aut
280 2997 384 3058 extra
411 2987 594 3084 repperit‚
627 2987 689 3085 qui
723 2985 907 3084 singulari
933 2985 1014 3058 acie
1042 2994 1174 3056 contra
1225 2983 1304 3056 ia·-

182 3088 311 3159 bolum
339 3085 548 3159 dimicaturi
576 3087 784 3160 solitariam
803 3087 920 3160 vitam
945 3095 1179 3185 appeterent,
1206 3085 1275 3157 hos

182 3187 399 3261 cumomni
427 3186 669 3260 veneratione
696 3196 909 3285 susceptos⁷
936 3211 1103 3282 suaeque
1131 3195 1276 3258 exorta·

181 3287 294 3362 tionis
315 3287 509 3361 caritativa
528 3287 787 3360 consolatione
807 3287 984 3382 munitos³
1011 3310 1079 3385 per
1105 3286 1272 3359 diversas

181 3388 501 3463 monasteriorum
516 3398 554 3462 et
568 3387 840 3461 aecclesiarum
855 3387 1025 3481 cellulas
1040 3410 1126 3459 curn
1138 3385 1274 3458 idoneo

181 3490 389 3563 aecclesiae
407 3487 625 3563 testimonio
645 3499 683 3562 et
699 3489 879 3586 religioso
900 3499 941 3560 ut
959 3488 1116 3560 decebat
1134 3484 1274 3582 officio,

180 3589 268 3662 alibi
296 3589 488 3687 singuloS,
515 3589 602 3662 alibi
636 3590 744 3664 binos
778 3589 948 3682 inclusit3
983 3586 1119 3685 quibus
1146 3597 1274 3660 tamen

179 3692 224 3764 ad
253 3689 428 3785 invicem,
455 3690 527 3762 nisi
551 3707 727 3764 sermone
751 3698 899 3762 tantum
926 3699 964 3762 et
989 3697 1166 3786 aspectu,
1194 3687 1275 3759 nul·

179 3793 238 3864 lus
266 3801 414 3890 pateret
441 3814 630 3864 accessus.
667 3792 734 3864 His
762 3799 936 3888 sumptus
956 3799 993 3862 et
1012 3812 1274 3886 quaecumque

177 3893 367 3966 humanae
394 3891 589 3988 fragilitati
607 3891 824 3966 necessaria
838 3891 1072 3984 videbantur,
1099 3913 1168 3986 per
1184 3887 1274 3961 fide·
1380 3945 1388 3958 .

177 3991 344 4066 lissimos
372 4015 464 4080 suae
484 3991 818 4065 administrationis
837 3990 998 4065 vicarios
1018 3989 1179 4062 sollicite
1207 3988 1274 4061 mi·

180 4093 362 4190 nistrarit‚
383 4104 420 4167 et
437 4092 640 4191 praecipue
662 4118 730 4190 per
748 4092 1012 4192 apostolorum
1029 4091 1140 4186 festa7
1169 4100 1275 4186 quot·

180 4203 271 4290 quot
304 4194 343 4266 in
379 4218 476 4266 anno
512 4204 774 4289 occurrerant,
810 4190 1030 4290 singillatim
1066 4213 1132 4264 eos
1166 4189 1273 4297 donis

179 4319 204 4392 1)
223 4321 251 4374 2.
270 4319 352 4374 Thes.
371 4319 396 4385 3,
419 4322 462 4375 10.
