3146 5012
316 469 365 542 ec
451 445 453 451 '
752 461 993 536 tuoruum

229 685 292 740 uss.
318 664 478 756 nificabit
499 689 573 760 me,
600 671 637 738 et
660 663 735 737 illie
760 666 827 736 iter
851 659 931 761 quo
950 661 1140 736 ostendam
1166 661 1220 735 illi
1242 663 1409 740 salutare

320 769 476 840 meum‘s.
519 766 600 840 Hoc
625 764 802 858 salutare,
830 764 869 836 id
896 770 951 838 est
975 763 1162 836 dominum
1186 764 1319 858 lesam,
1345 790 1409 840 ore

322 871 507 962 confiteor,
536 873 571 940 et
594 865 704 940 corde
731 864 851 960 credo,
878 864 978 962 quod
1004 864 1100 938 Deus
1126 864 1229 938 illum
1255 871 1407 941 suscita·

321 971 374 1042 vit
398 992 422 1040 a
447 969 611 1040 mortuis.
659 967 734 1039 'Hie
768 990 890 1040 omnes
923 965 1115 1039 thesauros
1148 968 1348 1061 sapientiae
1374 976 1409 1042 et

322 1071 496 1145 scientiae
521 1066 758 1142 absconditos
784 1089 956 1162 apnosco.
1009 1065 1117 1140 Hunc
1144 1066 1331 1141 dominam
1356 1069 1408 1142 Ie·

322 1193 405 1245 sum
421 1193 525 1244 nemo
546 1175 673 1263 potest
689 1168 819 1264 dicere,
845 1169 915 1241 nisi
933 1170 971 1240 in
989 1166 1129 1261 Spiritu
1147 1176 1275 1242 sancto
1284 1199 1299 1264 ,-
1327 1177 1410 1244 ante

323 1271 427 1344 illum
454 1277 508 1344 est
531 1294 638 1344 omne
662 1267 881 1344 desiderium
907 1293 1041 1362 meum,
1068 1275 1105 1340 et
1127 1273 1282 1365 pemitus
1309 1294 1409 1345 meus

255 1409 257 1412 ·
324 1371 371 1444 ab
399 1397 440 1445 eo
466 1396 540 1445 non
567 1377 622 1444 est
644 1368 890 1445 absconditus.
937 1368 1035 1463 Diui,
1062 1371 1257 1458 confitebor
1282 1371 1409 1445 aduer-

323 1497 404 1547 sum
430 1497 485 1545 me
516 1473 720 1546 iniustitias
745 1494 846 1544 meas
871 1469 1049 1564 Domino,
1082 1469 1181 1566 quod
1207 1479 1262 1545 est
1286 1496 1410 1546 secun·

324 1573 411 1646 dum
452 1596 566 1668 penus
612 1575 851 1660 confessionis
895 1570 1127 1644 lamentabile
1164 1575 1201 1645 in
1234 1577 1409 1668 peccatis.

325 1677 506 1770 Tercium,
533 1673 632 1771 quod
666 1671 896 1746 commendat
929 1670 1056 1745 beatus
1079 1670 1236 1747 lacobus
1263 1661 1431 1768 aposto·'

324 1775 415 1851 lus¹.·
441 1775 704 1870 „Confitemini
731 1777 906 1870 inquiens,
933 1772 1150 1846 alterutrum
1172 1783 1328 1869 peccata
1353 1800 1410 1850 ue·

324 1883 415 1970 stra,
441 1883 477 1948 et
502 1882 605 1949 orate
626 1899 699 1969 pro
724 1877 885 1969 invicem,
911 1874 1191 1971 utsaluernini‘·,
1209 1874 1278 1948 boe
1294 1876 1410 1950 uobis·

326 2000 419 2072 cum,
446 1975 583 2050 domini
608 1984 645 2050 et
668 1979 806 2063 fratres
832 1977 920 2070 mei,
946 1998 1053 2070 apere
1078 1974 1179 2072 uolo,
1209 1975 1278 2050 boc
1303 1980 1411 2051 uncie

326 2101 474 2177 quaero.
553 2075 667 2172 Spero
695 2083 836 2172 autem,
868 2074 966 2173 quod
993 2074 1213 2149 aduocatum
1237 2077 1412 2153 babemus

326 2177 427 2274 apud
451 2177 598 2251 Patrem
630 2179 748 2251 Iesum
783 2176 960 2251 Christum
990 2180 1145 2272 iustum,
1181 2181 1324 2272 etipse
1361 2186 1414 2253 est

319 2280 537 2376 propitiatio
559 2303 629 2373 pro
652 2281 813 2373 peccatis
844 2283 988 2351 nostris.
1041 2277 1183 2352 Deinde
1210 2289 1411 2377 postquam

303 2421 307 2426 ·*
325 2379 383 2453 his
418 2403 460 2454 se
495 2403 623 2452 coram
650 2378 811 2452 Domino
840 2388 961 2452 totum
987 2378 1137 2476 effudit,
1171 2381 1339 2479 corporis
1375 2392 1413 2455 et

325 2479 519 2580 sanguinis
547 2479 723 2554 dominici
750 2489 1043 2576 sacramentum,
1068 2479 1216 2553 virtutis
1243 2481 1412 2556 eiusdem

190 2665 192 2680 Ι
325 2582 552 2656 sacramenti
579 2607 654 2656 non
671 2581 826 2676 insciuS,
854 2581 1042 2679 expetivit.
1078 2581 1185 2668 Quod
1211 2606 1298 2655 cum
1324 2583 1413 2656 fuis·

216 2751 218 2756 Α
325 2693 383 2757 set
410 2683 578 2778 allatum⁷
605 2682 661 2757 vir
684 2681 748 2756 ille
776 2681 945 2778 Domini,
972 2681 1057 2779 quid
1086 2683 1210 2755 animo
1239 2683 1412 2779 senserit,

325 2793 404 2857 toto
433 2807 589 2881 corpore
619 2792 830 2882 prostratus
865 2783 1039 2856 ostendit.
1080 2782 1257 2871 Reiectus
1283 2795 1411 2859 autem

324 2886 397 2959 hac
419 2884 522 2958 vitali
549 2883 744 2981 alimonia,
772 2908 840 2982 spe
867 2882 1024 2956 validior
1048 2884 1188 2956 lectulo
1214 2884 1411 2959 restitutus

326 2998 404 3078 est,
431 2985 510 3059 dies
545 2997 745 3083 postquam
781 3009 854 3057 non
888 2984 1013 3057 minus
1046 3009 1158 3083 quam
1184 2985 1348 3084 quinque
1373 2987 1411 3060 in

326 3084 1427 3185 eodemcorpopislanguoreetspiritusfervorepermansit.-

400 3186 460 3260 45.
500 3183 708 3285 Sollempni
740 3210 830 3261 vero
870 3185 928 3260 die
967 3190 1164 3261 beatorum
1203 3199 1411 3285 martyrum

325 3285 505 3361 Gereonis
539 3298 576 3361 et
609 3288 798 3361 sociorum
833 3287 915 3361 eius
950 3287 1026 3362 iam
1058 3298 1257 3386 vergente,
1287 3287 1411 3362 subito

288 3449 295 3464 .
325 3387 461 3462 mentis
500 3413 657 3463 excessu
696 3399 847 3486 raptus,
888 3387 1095 3488 episeopis,
1136 3389 1312 3487 ducibus,
1351 3414 1413 3463 co·

277 3497 301 3537 ·'
324 3488 496 3585 mitibuS‚
536 3500 573 3564 et
612 3489 755 3563 cunetis
796 3487 857 3586 qui
897 3490 1072 3587 aderant,
1109 3489 1253 3565 luctum
1293 3490 1412 3565 movit

323 3587 533 3688 ingentem,
559 3589 645 3689 quia
672 3589 959 3664 dissolutionem
985 3589 1212 3688 optatissimi
1240 3593 1412 3691 corporis

322 3689 464 3764 instare
483 3693 663 3789 putabant
682 3701 931 3791 praesentem.
975 3690 1055 3789 lue,
1075 3702 1116 3765 ut
1134 3692 1291 3783 solebat,
1318 3717 1421 3790 pau·.

322 3789 442 3864 lulum
462 3793 728 3867 convalescens
746 3793 950 3865 tumultum
969 3816 1084 3866 manu
1102 3794 1270 3890 sedabat,
1295 3792 1407 3868 fletus

324 3903 363 3965 et
398 3891 546 3992 rugitus
586 3893 789 3966 astantium
816 3892 1033 3992 mitigabat,
1071 3893 1235 3969 maiores
1274 3905 1312 3968 et
1336 3894 1409 3969 hoc

326 3993 441 4066 affatu
469 3994 599 4067 ultimo
628 3992 817 4094 digniores
844 4019 890 4068 ex
908 3994 1059 4068 nomine
1076 3997 1252 4069 vocabat:
1276 3991 1408 4088 Nolite,

324 4093 516 4194 inquiens⁷
554 4093 683 4192 nolite,
720 4097 879 4191 fratres,
917 4095 989 4168 bac
1025 4117 1107 4169 mea
1133 4101 1231 4170 sorte
1254 4095 1407 4170 tristari.

323 4193 476 4268 Diuinae
502 4195 828 4271 animaduersionis
859 4196 995 4270 iudicio
1028 4198 1165 4270 cunctis
1189 4195 1410 4271 mortalibus

323 4297 494 4389 imposita
521 4303 575 4370 est
596 4300 669 4372 ista
704 4297 886 4392 conditio‚·
924 4321 997 4371 non
1035 4296 1119 4370 licet
1154 4297 1268 4396 nolle,
1307 4295 1408 4396 quod

322 4411 348 4485 1)
367 4411 421 4469 120.
441 4414 467 4478 5,
488 4413 531 4469 m.
