3146 5012
469 760 541 840 EX
572 760 944 845 PRAEFATIONE

209 891 256 964 m
285 889 596 965 nononunus
625 891 902 990 assumtus
930 892 1198 969 Hisioiucis
1297 848 1299 852 ’

514 1007 564 1064 ss,
583 1008 615 1064 Τ.
634 1008 682 1065 1v.
703 1030 728 1082 p.
747 1011 811 1066 252.
831 1010 894 1066 253.

166 1185 299 1313 Vitam
325 1241 510 1314 Brunonis
545 1243 670 1335 optimi
704 1245 792 1337 oiri,
827 1245 950 1314 animo
985 1245 1166 1350 tactisque
1200 1246 1252 1317 ad

162 1362 305 1434 Ottonis
331 1363 465 1448 fratris
504 1358 792 1455 maonituclinem
825 1355 995 1456 proulm'e
1033 1362 1250 1461 accedentis,

159 1483 299 1553 amicus
318 1482 349 1553 ei
376 1487 412 1553 et
436 1483 473 1552 in
501 1478 676 1552 cathedra
705 1479 909 1554 Coloniensi
934 1505 1123 1555 successor
1147 1483 1250 1558 Folo·

49 1665 56 1678 ,
158 1623 286 1672 marus
311 1602 386 1672 siue
411 1599 556 1694 Pappa,
588 1599 774 1694 Ruotyero
802 1599 933 1674 clerico
961 1600 1188 1674 Coloniensi¹
1216 1611 1252 1676 et

152 1720 353 1813 praecipuo
381 1716 543 1806 defuncti
568 1717 749 1805 familiari
775 1727 809 1791 et
845 1719 989 1792 comiti²
1014 1720 1249 1802 ,scribendam

151 1833 321 1910 iniunxit.
368 1837 446 1927 (luo
470 1861 617 1910 munere
642 1841 697 1910 vir
724 1837 859 1912 talibus
877 1841 1005 1911 amicis
1024 1838 1167 1936 dianus,
1192 1841 1249 1914 lit·

157 1963 319 2030 tecarum
337 1955 606 2029 Romanarum3
632 1964 669 2029 et
686 1958 910 2030 Graecarum
931 1962 1085 2053 peritus,
1113 1959 1248 2033 iudicio

39 2075 40 2082 ’
155 2074 300 2151 reclusi*
327 2098 517 2172 rerumque
531 2074 676 2148 calamo
696 2075 960 2148 tradendarum
978 2067 1142 2171 appr'lme
1159 2102 1249 2174 yna-

155 2219 231 2291 rus,
259 2193 394 2291 absque
419 2219 526 2268 mora
551 2197 713 2290 functus,
739 2195 872 2267 librum
899 2198 1098 2291 eoreyium,
1130 2203 1166 2269 et
1191 2195 1247 2268 Sl-

153 2314 298 2409 aeberto
325 2321 488 2387 monente
514 2313 710 2386 luculenter
727 2315 913 2410 scriptum,
940 2316 1002 2410 qni
1020 2322 1141 2388 tamen
1159 2339 1247 2389 non-

154 2457 353 2529 numquam
374 2441 527 2528 propter
553 2432 760 2506 breuitatem
787 2435 970 2506 intentiori
987 2437 1111 2507 animo
1130 2434 1246 2530 leaen-

155 2551 225 2625 clus
253 2549 314 2647 est,
342 2551 535 2625 Folcmaro
563 2552 703 2626 obtulit.
758 2552 856 2646 Opus
888 2555 1000 2648 initur
1027 2577 1124 2626 anno
1159 2552 1244 2630 966.
1336 2551 1339 2556 ’

155 2679 223 2744 aut
245 2671 347 2747 967.⁵
373 2674 472 2744 intra
507 2668 687 2744 biennium
720 2677 810 2763 post
832 2671 1025 2745 Brunonis-
1051 2672 1188 2745 obitum
1214 2680 1249 2745 et

151 2790 265 2885 paulo
303 2798 389 2866 ,ante
433 2788 639 2864 Wicluleimli
682 2813 739 2862 res
776 2797 901 2884 aestas
941 2789 1173 2863 Saaonioas⁶
1213 2798 1249 2863 et

228 2935 252 3005 1)
277 2936 363 3006 praei.
397 2947 423 2990 et
451 2955 507 3008 cap.
543 2935 585 2990 13.
614 2937 709 3006 „liuius
736 2938 823 2989 sancti
849 2937 915 2990 cleri
940 2934 1078 2990 senatus“.
1102 2965 1143 2978 ,..
1173 2935 1245 2989 Eum

153 3025 306 3080 scholarum
351 3029 507 3096 magistrum
545 3027 645 3090 luisse,
685 3026 836 3081 Leibnitius
875 3027 1002 3084 coniecit:
1042 3027 1244 3097 congregationi

153 3117 180 3174 S.
200 3117 373 3171 Pantaleonis
398 3119 561 3189 adscriptum
591 3117 687 3181 luisse,
717 3135 750 3171 ex
767 3119 856 3171 verbis
885 3135 942 3190 cap.
971 3117 1015 3172 47.
1044 3118 1116 3172 haud
1143 3136 1245 3173 neces-

153 3210 224 3262 sario
244 3209 369 3263 efficitur.
442 3209 470 3280 2)
491 3227 514 3264 c.
542 3209 571 3260 4:
600 3213 668 3264 sicut
695 3211 728 3263 oi
758 3213 814 3277 ipso
835 3249 842 3262 .
864 3248 870 3262 .
890 3210 939 3263 too
963 3193 1244 3279 saeptus'rumtnontc
1279 3226 1280 3230 ’

153 3303 306 3369 didicimus,
327 3318 349 3354 c.
369 3299 414 3353 29.
434 3299 478 3353 30.
498 3299 546 3354 37:
571 3304 600 3354 tn
618 3304 676 3354 acia
694 3301 814 3368 vidimus,
841 3317 864 3355 o.
882 3299 932 3351 4³:
964 3299 1089 3367 Wiclrido
1112 3305 1242 3371 episcopo,

153 3399 181 3446 ut
197 3397 255 3461 ipse
274 3396 347 3447 testis
371 3373 430 3446 est:
458 3392 558 3445 ibidem
587 3392 658 3444 inter
686 3394 835 3462 clientulos,
865 3390 1060 3462 archiepiscopi
1089 3391 1116 3444 in
1144 3391 1243 3445 itinere

153 3482 258 3538 Gallico
287 3484 412 3546 comites,
441 3484 525 3537 luisse
553 3483 668 3536 videtur.
822 3481 849 3551 3)
878 3499 901 3536 e.
931 3499 957 3551 g.
985 3481 1142 3536 Terentium
1170 3483 1245 3536 novit

155 3593 178 3629 c.
196 3573 241 3626 39.
350 3574 377 3644 4)
397 3574 432 3627 oi.
463 3592 486 3630 e.
507 3592 533 3644 g.
554 3591 624 3646 quac
646 3575 680 3627 do
700 3572 837 3627 Friderioo
857 3572 1060 3644 archiepiscopo
1079 3572 1242 3643 Mogontino

153 3683 210 3739 cap.
242 3666 283 3730 16,
319 3667 352 3719 de
381 3663 513 3719 Heinrico
548 3665 617 3719 duce
655 3665 769 3738 eiusque
806 3665 963 3718 advorsariis
998 3682 1055 3735 cap.
1092 3665 1134 3718 17.
1169 3665 1242 3718 dicit.

152 3755 177 3828 5)
198 3755 292 3810 Bruno
321 3758 346 3808 d.
369 3756 411 3809 11.
431 3754 491 3810 Oct.
511 3756 564 3810 965
593 3759 667 3822 obiit,
695 3757 852 3820 Folcmaruo
881 3757 906 3811 d.
936 3754 1049 3810 18.1u1.
1069 3754 1131 3810 967.
1167 3754 1242 3810 Anu.

152 3847 248 3903 Colon.
278 3858 304 3902 et
323 3846 470 3902 Thietmar.
489 3877 525 3888 -
544 3847 736 3920 Necrologium
763 3858 853 3902 tamen
871 3846 1008 3901 Fuldcnse
1036 3865 1058 3902 a.
1088 3846 1141 3898 969
1170 3848 1242 3901 inter

152 3941 219 3996 alios
245 3937 404 3994 Bobbonem
430 3938 661 4011 archiepiscopum
694 3939 794 3994 obiisse
817 3939 908 4000 tractim
941 3949 967 3993 et
989 3938 1144 4008 Ruotgerus
1170 3937 1240 3991 insse

153 4033 219 4104 cap]
245 4031 289 4085 42.
317 4029 492 4084 Mahthildam
524 4033 610 4086 aluam
628 4036 737 4086 matrem
765 4041 857 4094 vocat,
891 4031 964 4084 unde
997 4030 1113 4084 dubitari
1140 4038 1241 4100 posset,

152 4141 186 4176 an
205 4124 273 4176 liber
292 4133 353 4177 ante
382 4121 441 4176 eiu·
470 4123 572 4176 obitum
602 4123 628 4174 d.
655 4123 682 4176 2.
710 4121 751 4175 ld.
771 4121 850 4176 Mart.
869 4139 893 4176 a.
913 4120 967 4174 968
990 4122 1129 4175 absolutus
1150 4121 1241 4174 fuerit.

152 4213 177 4284 6)
213 4230 265 4266 nec
298 4225 387 4268 tomen
416 4213 602 4268 Widuliindus
629 4212 769 4283 Ruodgeri
804 4213 871 4265 libro
907 4229 987 4275 uano,
1017 4213 1113 4265 eodem
1148 4211 1239 4265 animo

151 4303 309 4360 Brunonem
328 4305 419 4360 laudat
436 4303 472 4361 11.
491 4306 534 4360 36.
556 4306 591 4359 ci.
612 4305 632 4361 Ι.
651 4303 695 4360 31.
