3146 5012
526 455 635 528 VITA
661 452 913 530 BRUNONIS.
1223 457 1267 530 13
1293 468 1296 473 “

168 678 213 728 sa
243 680 306 730 ere
333 656 378 729 ad
407 654 674 730 sobrietatem1
703 655 869 730 animum
898 655 1060 751 induxit3
1086 656 1123 728 in
1145 655 1267 755 regali
1295 671 1356 728 953.

169 681 367 830 aliiuentia
384 781 522 854 parcus
541 756 622 853 sibi,
649 757 752 831 dives
780 755 912 829 amicis
930 755 1012 830 fuit.
1056 756 1097 828 ln
1122 780 1166 830 ea
1194 757 1267 854 pri·
1300 744 1352 802 ¹¹¹¹·

171 881 274 928 mum
301 857 484 932 electione
511 868 662 956 praeter
688 867 860 931 caeteros
886 856 1111 930 Godefridus
1138 855 1266 929 floruit

169 955 416 1056 episcopus),
436 968 493 1032 set
517 959 550 1031 si
570 959 653 1056 quis
673 958 789 1031 alium
807 967 894 1032 voto
914 957 1090 1055 praeiret,
1111 956 1265 1032 difficile

167 1057 357 1156 quispiam
384 1059 587 1160 expediret.
639 1061 721 1132 Hoc
746 1084 820 1131 uno
848 1058 946 1131 inter
972 1082 1079 1157 spem
1107 1068 1266 1131 metum-

169 1182 241 1253 que
270 1157 373 1234 dubii
396 1161 634 1257 ferebantur,
662 1157 760 1258 q'uod
788 1159 943 1231 honoris
977 1158 1198 1257 dignitatem
1228 1169 1264 1232 et
1317 1213 1319 1220 Α

167 1257 237 1330 viri
265 1259 428 1356 gloriam
447 1261 659 1357 metienteS,
687 1259 883 1358 indignum
902 1260 984 1334 fore
1002 1269 1131 1334 tantae
1150 1259 1264 1332 subli·
1289 1351 1295 1359 ,

167 1358 289 1431 mitati
316 1364 546 1459 metuebant,
574 1362 672 1459 quod
692 1360 726 1435 ei
746 1386 832 1433 cum
857 1370 962 1433 tanto
992 1359 1131 1432 ambito
1156 1383 1262 1457 prae-

167 1463 360 1557 parabant.
397 1461 443 1534 Et
470 1487 602 1536 revera
620 1461 652 1534 si
670 1461 753 1558 quis
772 1462 809 1532 in
828 1471 908 1533 toto
928 1461 999 1534 hoc
1016 1484 1134 1560 regno
1154 1461 1261 1534 locus

165 1571 269 1658 esset
288 1562 496 1660 augustior,
524 1573 588 1637 aut
608 1572 710 1636 certe
730 1562 844 1655 clero,
871 1563 1025 1660 populo,
1054 1560 1261 1656 aecclesiiS,

166 1661 343 1758 omnique
371 1674 555 1761 apparatu
581 1662 802 1760 elegantior,
830 1661 890 1737 hic
909 1662 1002 1736 tanti
1022 1661 1186 1760 pastoris
1205 1686 1263 1735 re·

164 1761 290 1860 ceptui
319 1765 364 1836 ab
392 1763 563 1836 omnibus
584 1764 647 1861 qui
676 1788 762 1842 eum
781 1773 964 1838 noverant
991 1762 1137 1861 dignior
1154 1771 1262 1861 puta-

95 1884 97 1889 ·
164 1873 278 1936 retur.

243 1965 300 2037 12.
329 1963 641 2061 Conspirantibus
668 1964 794 2061 itaque
822 1964 997 2036 omnibus
1032 1974 1070 2037 et
1094 1963 1194 2036 idem
1222 1962 1261 2036 iu
1366 2009 1368 2015 ·

164 2060 314 2135 Christo
342 2064 602 2161 sentientibus,
629 2089 715 2137 cum
744 2064 865 2137 adhuc
892 2064 1131 2137 inhumatum
1150 2073 1187 2136 et
1214 2065 1260 2135 ad

164 2163 296 2235 oculos
310 2163 476 2261 positum
492 2163 1021 2238 secundumconsuetudinem
1034 2163 1108 2236 loci
1121 2187 1259 2262 corpus

163 2264 286 2336 bonae
313 2265 521 2339 memoriae
548 2265 759 2340 decessoris
788 2266 868 2340 eius
895 2264 1120 2364 aspicerent,
1149 2265 1260 2354 electi

163 2373 299 2437 sunta
326 2375 460 2438 senatu
496 2366 736 2439 sanctissimo
765 2376 926 2463 quatuor
961 2365 1100 2438 summi
1128 2364 1194 2438 viri
1223 2375 1260 2439 et

163 2465 298 2537 eodem
326 2490 483 2540 numero
511 2467 617 2564 laici,
653 2491 785 2541 omnes
820 2466 988 2564 adprime
1017 2465 1170 2562 eruditi,
1198 2465 1260 2563 qui

163 2564 290 2637 omnia
317 2565 412 2639 haec
439 2568 650 2664 perferrent
685 2568 730 2640 ad
759 2567 962 2666 palatium,
998 2577 1035 2640 et
1068 2566 1259 2664 patefacta

162 2675 249 2763 post
276 2663 453 2740 delletam
481 2666 760 2740 destitutionem
780 2667 975 2741 electionis
999 2666 1258 2762 unanimitate,

163 2776 415 2840 memoratum
453 2768 632 2840 desolatis
672 2765 888 2865 flagitarent
927 2767 1114 2840 solatium.
1161 2767 1258 2854 Quid

161 2865 1260 2966 multalComplacuit,DeogratiaS,imperatoriae³aucto

162 2965 276 3063 ritati,
305 2965 359 3039 si'c
387 2978 424 3041 et
449 2968 610 3066 tempori
630 2979 667 3043 et
694 2969 777 3042 loco
799 2968 1009 3065 consulere,
1038 2977 1078 3039 ut
1096 2967 1257 3065 petitum

161 3075 265 3138 tanta
286 3067 497 3140 constantia
515 3069 745 3143 visitatorem
772 3069 997 3142 festinanter
1024 3070 1069 3140 ad
1090 3066 1257 3142 destituti

162 3165 289 3265 gregis
308 3167 519 3241 custodiam
537 3169 716 3243 mitteret.
753 3169 891 3242 Missus
910 3171 1061 3243 tandem
1081 3193 1102 3242 e
1123 3169 1256 3242 castris

161 3267 300 3340 terreni
327 3268 475 3366 imperii
503 3269 540 3341 in
568 3269 744 3359 coelestis
769 3270 870 3368 regis
897 3268 1141 3343 tabernacula
1171 3293 1256 3341 cum

160 3367 418 3464 spiritualibus
437 3369 621 3467 nequiciis
641 3371 877 3468 pugnaturus
896 3370 1059 3466 intravit,
1080 3379 1180 3454 artes
1200 3393 1258 3443 se·

161 3491 246 3539 cum
275 3469 637 3568 exercitationesque
662 3471 862 3568 virtutum,
903 3495 1009 3542 arma
1041 3468 1129 3544 fidei
1155 3495 1255 3568 prae

161 3591 202 3640 se
229 3568 366 3642 ferens.
404 3570 444 3642 ln
472 3570 536 3644 illo
563 3597 651 3645 mox
676 3571 762 3646 novi
790 3572 870 3646 eius
899 3571 1056 3645 comites
1085 3569 1256 3645 viderant

102 3687 104 3692 ·
161 3681 198 3741 et
224 3670 320 3766 quod
357 3670 617 3746 blandiebatur
644 3683 681 3747 et
708 3674 806 3770 quod
832 3674 1007 3756 terrebat.
1052 3671 1254 3746 Affabilem
1300 3723 1304 3737 x

160 3793 324 3866 namque
353 3772 529 3846 sevaldo
555 3784 592 3848 et
618 3776 749 3848 mitem
779 3773 969 3872 praebuit,
997 3783 1146 3846 etcum
1174 3772 1254 3846 eius

160 3869 383 3945 industriam
402 3869 439 3944 in
467 3872 622 3970 agendis
647 3874 740 3948 nihil
763 3875 962 3972 effugeret,
989 3873 1184 3973 requisivit
1201 3883 1256 3946 ta·

160 3987 247 4044 men
258 3973 520 4070 undecumque
535 3974 745 4073 sollicitius,
760 3975 848 4072 quid
860 3975 1046 4074 agendum
1058 3973 1128 4045 sibi
1141 3984 1254 4069 esset,

236 4089 260 4156 1)
281 4089 360 4146 Rom.
390 4090 439 4154 12,
457 4091 483 4144 3.
540 4090 566 4162 2)
586 4089 742 4162 spirensem
770 4093 854 4146 luisse
875 4091 1019 4147 Cornelius
1044 4091 1136 4162 Bpaus
1162 4093 1254 4144 conii-

160 4158 208 4222 εἰη
235 4163 292 4235 3θά1
311 4165 376 4236 quid
405 4163 487 4218 officii
507 4161 629 4238 Spirensi
658 4168 785 4239 episcopo
813 4167 840 4219 in
870 4166 972 4218 diocesi
998 4161 1170 4234 Coloniensi,
1202 4165 1254 4218 nisi

120 4245 123 4252 ·
160 4231 278 4301 legatum
305 4237 409 4307 regium
439 4238 566 4292 electioni
602 4242 757 4312 deputatum
787 4240 871 4292 luisse
900 4239 1020 4292 statuas?
1105 4236 1130 4309 3)
1161 4237 1254 4308 regiae

157 4305 248 4376 potius
267 4316 331 4362 tunc
349 4311 488 4383 temporis.
