3146 5012
352 470 399 543 ae
679 415 682 422 ¹
781 473 1024 548 auorcanr

260 685 322 742 954.
351 694 553 786 corsuum
581 671 617 744 in
645 697 752 772 spem
780 700 847 773 per
865 677 1044 791 gaudium
1072 678 1279 776 spirituale,
1306 704 1353 752 ne
1379 680 1446 752 tri·

351 781 514 845 staretur
532 771 569 845 in
597 797 640 847 eo
659 799 772 871 quem
791 776 909 848 sensit
931 777 1128 852 imminere
1152 779 1333 853 laborem.
1372 781 1444 854 Cor

351 876 442 944 enim
444 873 572 969 ,quod
588 877 691 947 novit
706 875 990 950 amaritudinem
1012 882 1157 952 animae
1175 903 1276 994 snae,
1295 881 1333 952 in
1350 904 1444 975 puu-

350 973 411 1046 dio
431 977 507 1046 eius
533 999 606 1047 non
623 975 786 1048 miscebit
771 983 831 1048 tur
857 984 917 1050 eut
916 1002 1060 1051 raneos
1105 979 1321 1078 Sapientiae
1346 981 1443 1054 haec

349 1073 601 1148 v.erbasunt1
1546 1131 1548 1152 2

426 1177 484 1250 27.
511 1174 676 1274 Legatus
705 1201 817 1348 ergo,
855 1188 895 1250 ut
921 1173 1032 1276 loqui
1069 1180 1284 1278 coepimuS,
1319 1180 1442 1254 Roma

241 1315 246 1322 ι
347 1274 509 1371 redrens,
527 1278 667 1349 bonum
685 1286 778 1349 nun
780 1301 857 1350 rum
873 1277 1067 1352 Coloniam
1083 1281 1182 1354 terre
1202 1281 1441 1379 acceleravit,
1546 1279 1548 1310 ⁴

346 1385 502 1472 portans
522 1400 672 1450 sacrum
694 1377 861 1450 habitum
881 1380 925 1450 ab
942 1379 1144 1454 universali
1159 1380 1337 1478 pontifice
1352 1381 1442 1454 mis-
1547 1449 1548 1456 ,

346 1500 442 1590 sum,
470 1477 814 1591 praetendentem
805 1503 935 1576 rugum
960 1479 1112 1552 Domini
1138 1503 1253 1554 suave
1281 1493 1318 1558 et
1345 1506 1441 1556 onus
1545 1463 1548 1494 ¹

347 1577 427 1650 eius
453 1578 622 1674 leve,t
585 1588 622 1651 et
647 1578 772 1675 ipsum
800 1580 897 1675 quod
925 1582 994 1651 sub
1029 1604 1073 1654 eo
1109 1580 1347 1679 dispensatur
1373 1582 1442 1656 hu-

345 1677 434 1752 mile
453 1678 715 1796 ministerium,
744 1681 841 1776 quod
868 1681 981 1754 verba
1007 1680 1154 1754 Domini
1182 1692 1368 1756 testantur
1387 1683 1440 1753 di
1546 1769 1547 1772 Ἴ

347 1778 507 1853 centis22
529 1779 597 1868 Qui
615 1783 736 1852 mutor
763 1787 818 1852 est
833 1761 1001 1873 ocinum,
1031 1784 1102 1854 erit
1123 1784 1284 1856 minister
1302 1789 1440 1897 vester,-
1546 1827 1548 1882 ,

345 1880 470 1953 ferens
499 1879 612 1952 simul
648 1879 825 1992 reliquias
863 1882 907 1954 de
942 1882 1094 1978 proprio
1129 1906 1288 1980 corpore
1315 1883 1466 1956 sancti
1547 1935 1548 1992 ,

344 1981 437 2054 Pant
440 1981 582 2054 aleonis
601 1980 777 2077 martyris
797 1991 835 2055 et
847 1979 1085 2079 privilegium
1100 1983 1334 2080 apostolicae
1352 1985 1438 2056 sub·
1546 1995 1548 2002 ’

344 2080 440 2152 limit
426 2081 514 2156 tatis
535 2081 695 2154 auctorit
698 2092 758 2154 ate
786 2082 984 2178 traditum,
1007 2107 1078 2180 quo
1107 2093 1145 2158 et
1164 2085 1300 2159 eodem
1319 2084 1436 2183 pallio

344 2192 495 2278 praeter
522 2181 831 2256 consuetudinem
868 2184 1046 2257 sacerdos
1074 2184 1226 2256 Domini
1262 2185 1437 2282 quotiens

342 2281 458 2356 vellet
482 2281 584 2354 indui
603 2282 875 2380 permissus,u
853 2294 892 2355 t
920 2307 1112 2366 concessis
1131 2285 1312 2357 omnibus
1341 2311 1438 2398 quae

343 2385 581 2496 petebantur,
607 2407 699 2481 prae
722 2382 981 2481 magnitudine
1000 2383 1211 2458 virtutistet
1228 2385 1438 2484 sapientiae

343 2483 380 2554 in
400 2482 664 2581 participatum
692 2482 771 2556 eius
800 2484 924 2580 operis
945 2494 983 2558 et
1006 2508 1124 2582 prope
1149 2484 1187 2557 in
1214 2509 1438 2561 consessum
1547 2577 1548 2584 ἵ

343 2592 471 2656 tantae
490 2583 681 2682 dignitatis
702 2583 967 2656 admissust
910 2594 978 2659 est.
1015 2586 1261 2683 Properavit
1252 2612 1289 2659 m
1309 2611 1439 2660 occur·
1547 2639 1548 2651 ι

345 2707 431 2757 sum
459 2683 539 2758 eius
558 2685 658 2758 laeta
679 2684 829 2780 civitas,
857 2685 1022 2782 undique
1048 2686 1208 2760 iubilans
1236 2687 1436 2760 multitudo
1546 2721 1548 2756 ι

345 2785 526 2880 accurrit,
553 2796 809 2859 convenerunt
836 2785 873 2858 in
893 2785 1068 2858 suburbio
1096 2811 1214 2899 prope
1241 2787 1437 2935 antiquum
1546 2803 1548 2874 ξ

343 2887 483 2985 locum,
499 2886 560 2959 ubi
575 2886 760 2960 aecclesia
776 2886 945 2959 eiusdem
958 2885 1116 2998 pretiosi
1130 2887 1306 2982 martyris
1322 2886 1436 2985 erat3,
1547 2941 1548 2944 ,

344 2943 485 3059 incultai
514 2986 636 3059 adhuc
655 2997 693 3059 et
710 2985 842 3058 ruinae
867 2986 1049 3082 proxima
1086 2986 1139 3058 lbi
1159 2989 1331 3086 deposita
1350 2943 1439 3060 sunl
1546 3037 1548 3050 2

345 3097 452 3184 grata
473 3111 600 3182 onera,
621 3085 753 3159 deinde
772 3109 840 3158 suo
861 3111 1033 3183 quaeque
1051 3087 1135 3161 loco
1157 3091 1334 3185 reposit

420 3189 478 3261 28.
518 3187 646 3260 lllonet
670 3211 731 3260 me
757 3185 818 3258 hic
846 3187 1165 3282 aliquantulum
1156 3187 1350 3262 immorari
1384 3189 1437 3261 fe·

344 3285 461 3360 stivus
481 3286 556 3386 ille,
585 3298 623 3362 et
640 3286 703 3385 qui
721 3296 856 3385 postea
873 3287 910 3359 in
931 3288 1045 3386 brevi,
1072 3313 1140 3386 pro
1161 3288 1285 3360 dolor!
1312 3290 1435 3360 factus

345 3398 402 3461 est
428 3389 652 3485 funerosus,
679 3387 846 3461 eiusdem
873 3388 946 3460 loci
975 3411 1164 3461 occursus.
1210 3387 1263 3460 lbi
1282 3413 1436 3462 venera-

343 3487 428 3559 bilis
454 3489 525 3562 iste
545 3443 705 3562 amiclus
724 3487 859 3586 primu,
886 3487 937 3558 ibi
957 3498 1162 3586 postremo,
1182 3489 1302 3564 semel
1320 3490 1434 3588 laetu,

344 3588 464 3661 semel
481 3589 631 3688 lugubri
652 3588 818 3663 carmine
837 3598 1036 3685 susceptus
1056 3600 1123 3662 est.
1162 3589 1307 3688 Corpus
1335 3546 1435 3664 enini

342 3687 511 3786 religiosi
539 3701 575 3763 et
602 3691 681 3764 Deo
698 3689 831 3803 digni
840 3687 1046 3763 sacerdotis
1081 3689 1234 3764 ibidem
1252 3690 1447 3788 sepelien·

304 3857 309 3868 ,
344 3789 432 3861 dum
460 3788 574 3865 oflicii
602 3791 659 3863 sui
694 3789 856 3902 insignia
893 3812 987 3861 non·
1004 3790 1129 3864 amisit
1137 3816 1280 3888 ,quae
1308 3800 1435 3864 tamen
1497 3843 1500 3848 -

343 3889 587 3988 spiritualiter
615 3901 651 3966 et
677 3891 760 3964 ideo
788 3889 966 3988 feliciter,
994 3901 1035 3964 ut
1066 3846 1272 3989 crerlimuS,
1309 3890 1434 3964 anima

344 4014 472 4064 secum
487 3991 597 4065 vexit.
635 3991 808 4064 Archano
828 3991 954 4088 itaque
974 3991 1042 4066 Dei
1063 3990 1328 4090 omnipotentis
1348 4015 1435 4064 con·
1536 4009 1539 4021 ’

343 4091 426 4165 silio
454 4092 646 4190 provisum
675 4101 744 4188 est,
780 4102 821 4165 ut
854 4091 953 4168 idem
989 4093 1094 4167 locus
1130 4095 1174 4166 ad
1210 4091 1433 4166 declaranda

342 4194 461 4265 sancti
496 4195 554 4268 sui
588 4193 764 4290 martyris
801 4193 936 4268 merita
970 4193 1092 4293 prima
1126 4194 1198 4266 hac
1234 4195 1434 4270 occasione

343 4317 366 4390 1)
387 4318 465 4374 Pror.
488 4321 529 4385 14,
551 4321 593 4376 ιθ.
667 4319 694 4392 2)
714 4321 798 4377 Marc.
821 4321 862 4386 10,
882 4321 942 4384 43„
1001 4320 1027 4393 3)
1048 4320 1075 4377 S.
1095 4321 1277 4378 pantaleonis.
