3146 5012
507 487 617 560 VITA
642 485 893 561 BRUNONIS.
1199 491 1246 564 39

149 689 245 788 ipsis
273 688 427 788 pessimi
419 688 671 765 viderentur
709 689 776 763 llle
794 713 883 762 vero
911 699 998 762 ante
1017 687 1143 760 omnia
1161 712 1247 786 pro·

153 790 238 862 vido
278 813 368 862 usus
405 799 462 862 est
488 787 759 863 moderamine
799 788 1058 885 discretionis,
1099 799 1140 862 ut
1179 813 1246 887 pro

148 889 335 987 qualitate
298 891 466 962 locor
470 915 531 962 um
561 900 598 964 et
623 901 839 1004 temporum
865 893 903 962 in
930 889 1164 1003 praelatione
1183 915 1248 987 pa·

152 1002 298 1064 storum
328 992 371 1063 ad
400 989 669 1088 sapientissimi
703 990 941 1090 imperatoris
977 990 1097 1062 nostri
1129 991 1248 1088 impe·
1279 1043 1282 1050 ,

148 1091 252 1164 ,rium
279 1091 457 1164 dominici
485 1091 612 1190 gregis
628 1092 719 1206 paci
739 1102 776 1165 et
793 1091 1055 1188 tranquillitati
1076 1092 1248 1164 consule-

152 1201 223 1282 ret,
259 1192 344 1264 illos
372 1191 550 1264 nimirum
579 1194 738 1266 caeteris
765 1193 997 1291 praeferens,
1025 1193 1157 1306 quibus
1185 1216 1248 1265 ne·

147 1317 345 1390 «quaquam
387 1304 490 1366 esset
521 1292 775 1408 incognitum,
801 1294 902 1406 quid
943 1292 1105 1390 pastoris
1147 1304 1249 1366 esset

155 1393 344 1490 officium,
382 1394 468 1489 quid
496 1395 746 1468 mercennarii
774 1393 927 1489 vitium,
964 1393 1114 1489 quidm
1143 1393 1249 1465 mini-

148 1494 269 1567 sterio
290 1504 481 1592 suscepto,
509 1495 631 1591 quid
622 1521 660 1567 1n
680 1494 835 1593 angaria
855 1507 919 1568 aut
938 1496 1126 1592 agendum
1146 1504 1249 1568 esset

83 1635 85 1638 ·
155 1604 220 1667 aut
238 1595 487 1693 sperandum,
516 1594 623 1692 alios,
653 1607 693 1668 ut
711 1597 818 1693 quasi
839 1596 1006 1669 cortinae
1025 1594 1249 1668 iacinctinae

154 1694 333 1768 interiora
361 1697 495 1768 domus
523 1694 673 1769 Domini
702 1707 899 1792 ornarent,
938 1696 1045 1792 alios,
1073 1709 1114 1768 ut
1140 1695 1247 1792 quasi

149 1795 1247 1896 sagacilioinadeforisviolentiamtempestatumarcerent.

230 1899 289 1970 38.
317 1896 425 1970 Libet
450 1898 669 1972 meminisse
696 1900 883 1996 quoddam
912 1898 1023 1970 huius
1051 1897 1104 1995 pii
1131 1895 1248 1995 patris

154 1996 257 2110 pium
286 2007 323 2070 et
348 1997 536 2072 laudabile
562 2001 717 2095 factum,
747 1999 854 2112 quod
874 1999 910 2069 in
938 1998 1029 2094 ipsis
1049 1997 1248 2071 sacerdotii

150 2097 212 2169 sui
240 2097 621 2196 primordiis,utupro
642 2101 745 2172 luctu
763 2099 973 2198 spirituque
998 2098 1183 2171 moeroris
1210 2097 1256 2170 in

157 2221 426 2310 oppressorum
455 2201 630 2272 cordibus
657 2200 837 2273 excitaret
857 2223 965 2297 spem
985 2199 1095 2271 salut
1069 2209 1130 2295 trs,
1159 2199 1249 2271 effe·

157 2299 254 2372 cisse
281 2301 533 2397 cognoscitur,
562 2301 732 2397 quamvis
751 2300 860 2373 hoc
850 2323 988 2397 ipsum,
1017 2300 1092 2370 ob
1082 2299 1248 2396 mopiam

155 2411 258 2473 recle
285 2400 539 2514 dividentium,
566 2402 719 2501 linguae
747 2400 1017 2514 calumpnianti
1044 2401 1114 2473 fuit
1134 2403 1249 2471 obno-

155 2500 269 2571 xiunr
329 2500 424 2615 Quid
458 2501 558 2574 enim
593 2528 668 2575 non
704 2502 884 2600 pervertit
917 2499 1139 2594 invidentia,
1175 2526 1248 2596 qua

155 2601 258 2672 nulla
277 2603 399 2673 maior
418 2627 502 2674 esse
517 2603 662 2676 videtur
681 2613 808 2676 ament
793 2603 871 2674 tia?
899 2602 1092 2698 Siquidem
1112 2602 1248 2674 Rathe·

61 2755 63 2759 *
155 2725 233 2797 rus,
252 2701 422 2775 Veronae
441 2728 602 2799 —quae
618 2703 749 2776 civitas
769 2714 827 2775 est
844 2702 1039 2774 ltaliae-
1054 2700 1247 2774 ordinatus

155 2802 319 2900 praesul,
347 2827 432 2876 cum
461 2829 507 2877 ex
533 2805 695 2900 quadarn
721 2803 794 2878 levi
823 2802 1052 2900 suspitione,
1089 2812 1130 2874 ut
1163 2825 1246 2874 mos

155 2913 214 2974 est
239 2902 362 2999 gentis
390 2904 509 3000 illius,
547 2906 591 2976 ab
629 2907 772 2979 honore
805 2902 982 3003 propriae
1017 2903 1117 2978 sedis
1145 2912 1247 2975 esset

155 3004 353 3099 expulsuS,
389 3004 628 3078 Leodioensis
663 3005 865 3078 cathedrae
897 3004 1066 3101 vacanti,
1107 3027 1246 3099 magna
1276 3017 1339 3072 953.

155 3102 235 3176 eius
262 3102 464 3200 industria,
502 3105 709 3178 secundum
742 3115 883 3179 statuta
905 3103 1096 3178 canonum
1129 3104 1248 3176 incar-

155 3203 305 3275 dinatus
340 3214 407 3276 est.
462 3203 570 3290 Quod
611 3206 760 3301 quidem
799 3215 955 3302 propter
995 3205 1247 3278 abundantem
1350 3241 1353 3246 ·

152 3305 363 3376 doctrinam
404 3315 442 3377 et
485 3305 738 3402 eloquentiam
780 3305 993 3402 copiosam,
1040 3329 1112 3401 qua
1151 3304 1249 3376 inter

152 3405 456 3501 sapientissimos
480 3404 618 3480 llorere
645 3406 747 3479 visus
775 3416 845 3501 est,
872 3430 947 3477 non
975 3405 1098 3479 eidem
1125 3405 1248 3476 solum

153 3505 364 3578 aecclesiae
393 3505 453 3578 cui
480 3507 655 3605 praefuit
683 3517 741 3589 set
768 3517 805 3579 et
823 3461 951 3578 rirultis
979 3506 1063 3578 aliis
1091 3505 1249 3577 circum·

156 3630 304 3718 quaque
331 3606 439 3680 valde
466 3609 678 3705 proficuum
705 3607 786 3679 fore
813 3616 985 3704 putatum
1014 3615 1081 3680 est.
1057 3604 1250 3678 tSimul

156 3705 243 3802 quia
270 3705 307 3777 in
334 3707 408 3778 illis
441 3721 526 3822 part
512 3709 610 3782 tibus
643 3733 711 3805 per
739 3709 862 3791 zelum
891 3718 929 3780 et
957 3706 1248 3806 contentionem,

158 3806 255 3879 unde
281 3807 363 3878 lieri
383 3807 506 3878 solet
497 3833 629 3882 rnoons
632 3808 749 3882 atntia
770 3819 807 3882 et
832 3832 944 3880 omne
963 3831 1058 3907 opus
1077 3828 1248 3904 pravum,

157 3907 308 4002 quidam
335 3908 448 3980 etiam
477 3910 693 3983 sacerdotes
713 3905 875 4022 Domini,
894 3909 1130 4020 plerumque,
1150 3907 1247 4003 quod

158 4008 257 4079 dictu
284 4009 392 4081 nefas
420 4020 494 4103 est,
521 4021 694 4083 terrenae
722 4011 806 4106 plus
834 4009 933 4081 iusto
962 4007 1093 4082 confisi
1122 4019 1249 4104 poten·

155 4107 244 4203 tiae,
271 4110 481 4207 populum
472 4064 675 4208 iirperitum
695 4108 1017 4182 scandalizabant:
984 4120 1183 4222 tsaepe
1178 4106 1252 4180 dic·

157 4218 218 4279 tus
258 4232 447 4324 saepeque
480 4211 658 4285 dicendus
698 4211 859 4281 domnus
885 4209 1032 4306 Bruno,
1073 4208 1134 4280 cui
1173 4208 1249 4280 iarn

155 4306 273 4380 totius
300 4311 407 4406 regni
435 4311 674 4411 dispensandi
703 4335 793 4383 cura
820 4309 1053 4436 imminebat,
1080 4320 1185 4382 ratus
1213 4309 1249 4380 id
