3146 5012
475 476 586 550 um
609 475 862 551 ununoms.
1169 479 1217 551 aa
1274 434 1276 439 ’

119 689 203 752 tum
231 687 288 752 est
322 677 503 776 gaudium
530 677 734 776 plebis,et
697 677 953 751 etrefulxit
943 703 980 750 m
1014 679 1220 774 conspectu
1248 693 1311 750 953.
1411 719 1414 726 -

122 777 293 853 omnium
314 778 377 875 qui
392 788 658 874 convenerant,
679 789 788 852 ornat
791 801 834 850 us
773 778 947 852 tstola
967 778 1220 876 iocunditatiS,
1241 765 1297 899 ξὲΡ
1280 775 1316 840 1¹⁶·

118 880 300 954 sacerdos
329 878 470 951 domiui
496 877 626 952 Salvat
611 877 715 952 toris
760 879 895 952 Postea
921 879 1059 951 nardus
1085 878 1221 992 pretio·

123 1005 167 1054 sa
186 979 288 1054 dedit
305 979 462 1055 odorem
486 1003 618 1075 suum,
644 980 682 1051 in
701 979 824 1053 medio
845 979 1054 1054 aecclesiae
1074 979 1222 1078 aperuit
1245 1046 1248 1052 .

20 1159 21 1162 ,
122 1105 167 1154 os
187 1104 309 1154 suum.
345 1079 600 1154 Audiebatur1
626 1081 834 1153 secundum
858 1081 983 1179 legale
1008 1079 1220 1152 institutum

120 1181 270 1254 sonitus
289 1181 430 1254 intrant
431 1180 462 1253 is
482 1181 518 1252 in
539 1181 693 1254 domum
713 1181 853 1252 domini
883 1181 971 1254 Dei·
962 1176 1220 1294 ,exemplum

123 1292 164 1356 et
190 1283 458 1355 documentum
485 1282 608 1354 lactus
641 1291 700 1355 est
726 1282 900 1354 omnibus
930 1237 1221 1380 obtemperanti·

121 1386 193 1455 bus
212 1382 339 1455 s1b1m
364 1382 538 1456 salutem.
576 1381 672 1470 Quid
699 1374 827 1456 autem
853 1383 986 1456 fecerit
971 1383 1219 1481 t,quomodo
1262 1384 1265 1391 ’

121 1483 312 1580 docuerit,
350 1483 512 1580 qualiter
539 1507 607 1580 pro
644 1506 739 1582 pace
774 1483 1046 1557 aecclesiarum
1073 1483 1142 1556 Dei
1177 1506 1219 1556 se

20 1613 22 1676 j
122 1584 249 1681 ipsum
277 1583 515 1682 impenderit,
544 1594 630 1656 actu
650 1595 708 1657 est
727 1583 908 1679 mirabile,
936 1585 1035 1657 dictu
1055 1583 1220 1656 difficile.

20 1747 22 1750 .
123 1685 286 1757 Tantum
315 1683 416 1757 euim
443 1684 684 1782 superiorum
710 1684 871 1783 insignia
899 1685 1013 1758 huius
1033 1684 1221 1758 cotidiana

20 1801 21 1804 ’
123 1809 241 1882 opera
269 1785 557 1883 praecedebant,
585 1795 626 1857 ut
651 1795 787 1881 totum,
815 1785 914 1882 quod
950 1785 988 1857 in
1024 1785 1219 1858 aecclesiis

122 1887 203 1960 sive
223 1885 447 1984 ampliandis
466 1885 547 1960 sive
566 1885 835 1983 restaurandis,
869 1888 968 1983 quod
986 1886 1025 1958 in
1051 1885 1219 1984 reliquiis

124 1996 163 2060 et
182 1987 403 2083 corporibus
418 1996 637 2059 sanctorum
655 1986 692 2057 in
713 2011 822 2058 suam
841 1987 1082 2084 parrochiam
1102 1998 1220 2059 trans·

124 2087 309 2181 ferendis,
346 2087 444 2182 quod
479 2087 516 2158 in
551 2086 707 2184 privatis
740 2087 800 2160 vel
835 2087 996 2185 publicis
1039 2086 1218 2160 aediliciis

125 2187 411 2285 componendis,
430 2188 530 2284 quod
550 2188 587 2259 iu
607 2188 825 2260 ordinandis
845 2188 1018 2260 domibus
1037 2187 1219 2261 familiae·
1297 2266 1300 2271 ,

124 2312 197 2384 que
226 2299 378 2362 sanctae
406 2287 477 2361 Dei
504 2288 714 2362 aecclesiae
738 2291 850 2361 rebus
876 2289 1031 2385 fecerat,
1059 2289 1104 2361 ad
1130 2288 1220 2362 alio·

55 2479 68 2488 ,
124 2413 208 2461 rum
225 2412 344 2486 opera
369 2414 467 2487 pene
494 2389 805 2503 incomparabile
816 2390 1014 2468 videretur
1058 2388 1202 2462 Nam
1173 2412 1220 2460 sr-

125 2499 188 2561 cut
215 2512 329 2586 super
356 2513 488 2563 omnes
517 2491 650 2562 docent
635 2500 693 2564 tes
728 2513 769 2564 se
797 2489 850 2562 int
835 2489 991 2584 tellexit,
1018 2488 1071 2562 ita
1098 2489 1218 2560 cordis

125 2589 184 2662 sui
204 2589 337 2702 aciem,
364 2589 503 2687 ingenii
530 2615 703 2704 acumen,
724 2591 838 2663 animi
866 2591 1049 2689 vigorem,
1077 2591 1123 2662 ad
1142 2615 1221 2664 ma·

125 2691 206 2762 iora
226 2690 436 2803 sapientiae
465 2701 502 2764 et
527 2691 642 2763 virtut
644 2691 675 2762 is
703 2715 821 2788 opera
855 2690 1000 2764 direxit.
1053 2689 1108 2763 De
1135 2690 1220 2763 reli·

126 2790 238 2888 gione
264 2790 385 2888 primo
414 2801 453 2864 et
479 2792 580 2882 cultu
608 2791 691 2887 Dei,
719 2793 818 2888 quod
838 2791 972 2864 Graeci
999 2790 1219 2863 theosebian
1324 2843 1326 2848 -

125 2889 265 2984 dicunt,
292 2893 498 2965 secundum
534 2894 661 2965 datam
698 2891 768 2963 sibi
795 2890 1040 2989 sapientiam,
1058 2889 1219 2963 'canoni-

126 3015 210 3063 cam
230 3001 268 3063 et
286 2991 534 3088 apostolicam
562 2992 828 3066 auctoritatem
855 3002 1018 3086 secutuS,
1047 2991 1218 3086 instituit,

126 3100 168 3162 ut
195 3089 456 3185 multitudinis,
492 3094 653 3189 quaein
681 3093 837 3166 diversis
865 3092 1219 3190 congregationibus

23 3235 24 3238 =
127 3192 173 3264 ad
189 3190 270 3266 eius
285 3191 545 3266 honorabilem
561 3195 690 3266 sedern
703 3193 977 3291 pertinentibus
993 3203 1085 3288 erat,
1103 3217 1217 3264 unum

27 3327 31 3334 ·
127 3316 193 3365 cor
220 3301 322 3366 esset
348 3302 386 3366 et
413 3291 538 3366 anima
567 3319 659 3388 una3
696 3304 736 3364 ut
770 3293 931 3366 vestium
964 3291 1219 3390 superfluitas,

127 3417 275 3466 morum
303 3393 565 3491 inaequalitas,
593 3404 631 3476 et
654 3393 828 3490 quicquid
847 3394 919 3467 hoc
945 3394 1057 3465 modo
1078 3393 1222 3466 effemi-

23 3529 25 3534 v
125 3502 256 3565 natum
277 3504 314 3566 et
332 3494 508 3568 indecens
534 3494 571 3567 in
592 3495 671 3568 eius
692 3495 874 3568 aecclesia
901 3493 1102 3590 videretur,
1130 3518 1218 3567 vera

127 3603 165 3666 ct
192 3593 377 3691 spirituali
403 3595 711 3691 circumcisione,
740 3596 839 3691 quod
866 3606 923 3668 est
950 3594 1096 3667 initium
1121 3594 1220 3692 sapi·

126 3794 253 3869 steriis
273 3819 418 3892 onmes,
438 3821 599 3892 quorum
617 3797 653 3868 id
673 3797 865 3892 intererat,
891 3796 1143 3870 intentissime
1163 3820 1221 3868 se·

127 3896 290 3969 cundum
317 3896 524 3993 praefixam
553 3897 623 3969 sibi
649 3899 822 3996 regulam
849 3899 1030 3995 viverent,
1056 3897 1220 3970 necati-

128 4019 188 4068 am
207 3997 278 4069 sibi
296 4020 389 4071 suae
407 3997 541 4070 salutis
568 4016 721 4070 causam
751 3998 938 4072 ullatenus
966 3999 1220 4072 aestimarent.

203 4099 262 4171 22.
300 4098 403 4172 Haec
430 4109 468 4173 et
493 4099 551 4171 his
579 4098 718 4170 similia
746 4124 831 4172 cum
858 4097 1082 4172 venerandis
1108 4097 1222 4195 patri·

128 4199 197 4269 bus
225 4208 263 4270 et
289 4198 377 4273 cleri
413 4200 471 4274 sui
508 4198 719 4274 senioribus
746 4200 924 4296 frequens
952 4197 1049 4297 egit,
1078 4222 1220 4296 eosque

203 4323 228 4397 1)
246 4323 335 4382 moa.
352 4326 398 4391 aa,
417 4327 462 4387 35.
