3146 5012
527 450 637 522 VITA
663 449 914 524 BRUNONIS.
1221 453 1269 528 29

173 651 427 726 illustraretur
446 662 484 726 et
509 650 595 722 talis
625 650 745 748 fieret,
774 653 835 725 ubi
861 652 919 725 vir
944 652 1015 726 iste
1034 653 1185 726 Domini
1206 678 1269 750 pa-

175 752 304 825 cificus
333 763 370 824 et
403 751 622 825 mirabiliter
657 752 807 825 humilis
843 752 1081 851 potissimum
1110 753 1268 851 eligeret

174 854 242 924 sub
263 853 431 944 eiusdem
451 851 502 949 pii
521 852 697 946 martyris
715 853 925 951 patrocinio
945 853 1129 927 tremendi
1148 853 1268 942 iuditii

174 953 273 1025 diem
308 963 345 1026 et
379 954 526 1034 futurae
561 953 849 1026 resurrectionis
885 953 1049 1051 gloriam
1083 954 1266 1028 exanimis

172 1054 409 1150 praestolari.
452 1054 533 1126 Non
552 1052 671 1126 multo
692 1066 779 1152 post
797 1054 949 1149 itidem,
975 1065 1108 1153 utputa
1127 1054 1164 1127 in
1184 1055 1265 1127 loco

174 1153 368 1227 secretiori
408 1165 445 1227 et
485 1157 531 1226 ab
573 1156 738 1228 urbanae
785 1154 1050 1250 inquietudinis
1090 1155 1268 1228 molestia

173 1255 380 1349 remotiori,
408 1255 547 1330 fratres
564 1254 599 1326 in
620 1255 729 1328 laude
749 1255 874 1329 divina
893 1255 1093 1354 pervigiles
1115 1266 1152 1329 et
1165 1255 1266 1328 solli·

173 1356 268 1427 citos
301 1358 369 1427 sub
406 1355 640 1428 monasticae
676 1356 808 1452 regula
846 1355 1065 1453 disciplinae
1102 1356 1264 1429 Domino

124 1466 128 1472 '
172 1454 314 1529 servire
333 1455 514 1549 instituit3
542 1456 676 1553 quibus
703 1458 877 1530 abbatem
901 1456 1122 1555 praeposuit
1149 1457 1267 1528 nomi·

173 1581 220 1629 ne
240 1555 509 1652 Christianum,
537 1580 628 1630 suae
647 1556 824 1630 videlicet
848 1557 1096 1655 professionis
1115 1558 1265 1630 forono-

174 1681 291 1752 mum,
327 1659 427 1730 etin
454 1657 540 1754 lege
567 1656 740 1754 Domini,
761 1658 865 1730 sicut
892 1658 992 1730 hunc
1020 1657 1146 1731 decuit
1170 1657 1266 1729 ordi-

173 1782 278 1854 nem,
316 1757 483 1854 adprime
512 1757 709 1830 eruditum.
761 1757 829 1830 Cui
855 1758 1026 1830 ordinato
1052 1758 1125 1830 hoo
1153 1760 1265 1832 breve
1326 1805 1331 1810 ·
1420 1827 1427 1838 .

172 1857 511 1947 commonitorium
525 1858 570 1932 de
598 1857 802 1932 occidentis
829 1858 998 1954 partibus
1026 1857 1191 1955 scripsit:
1223 1857 1269 1930 Ut

170 1961 224 2032 sis
242 1957 341 2054 quod
359 1961 523 2054 vocaris,
549 1982 652 2052 euro,
678 1959 873 2053 gentilitati
897 1983 940 2031 ne
967 1958 1168 2054 deponeres,
1221 1958 1266 2031 ld

170 2060 267 2130 serio
286 2058 487 2153 triumpho,
515 2067 668 2153 utnon,
695 2061 793 2132 sicut
814 2060 931 2154 priua,
958 2063 1186 2155 antiquatum
1212 2070 1268 2132 ret

171 2157 217 2230 de
234 2162 366 2231 uirtute
383 2162 420 2231 in
437 2161 605 2232 uirtutem
623 2166 665 2231 ut
681 2167 799 2254 eatur,
818 2159 937 2233 nova!

249 2261 307 2335 29.
335 2259 550 2356 Numquam
578 2259 628 2332 ita
650 2258 815 2333 civilium
834 2259 1075 2358 negotiorum
1104 2284 1265 2357 oocupa-

171 2359 273 2434 tione
302 2361 474 2434 detentus
503 2371 572 2456 θεῖ,
601 2361 646 2433 ad
675 2385 788 2457 quam
823 2385 911 2434 eum
939 2383 1014 2433 non
1042 2384 1111 2432 sua
1137 2359 1263 2453 libido7

170 2471 230 2533 set
256 2461 385 2558 populi
419 2461 657 2535 necessitudo
691 2461 862 2558 attraxit⁷
900 2471 940 2533 ut
971 2461 1096 2542 animo
1124 2460 1189 2533 illo
1218 2461 1264 2533 ad

173 2560 300 2632 omnia
334 2561 572 2634 vivacissimo
600 2587 673 2634 non
697 2561 862 2661 vigeret,
900 2563 1065 2635 intentus
1090 2560 1265 2659 religioni

172 2660 375 2759 praecipue
394 2671 432 2735 et
450 2660 615 2759 lectioni,
645 2661 681 2734 in
709 2663 815 2734 ouius
844 2662 966 2734 studio
992 2661 1089 2735 mori
1115 2662 1265 2737 videba-

91 2825 95 2832 .
171 2771 243 2834 tur.
280 2763 334 2835 Ad
364 2761 399 2834 id
426 2763 614 2860 agendum
634 2764 806 2860 exemplo
827 2786 894 2835 suo
914 2772 952 2835 et
969 2765 1100 2836 crebro
1121 2761 1264 2834 monitu

172 2862 344 2935 accendit
362 2886 495 2936 omnes
522 2888 619 2961 pene
639 2887 733 2960 quos
761 2888 852 2961 prae
872 2861 992 2935 oculis
1019 2861 1160 2935 habuit.
1198 2862 1264 2934 His

173 2985 260 3035 vero
290 2962 353 3059 qui
379 2964 451 3035 hoc
485 2963 538 3036 ita
572 2988 647 3036 non
677 2966 854 3037 amabant
889 2963 1134 3038 vehementer
1162 2961 1265 3034 indo·

171 3061 252 3158 luit,
282 3086 436 3160 eosque,
463 3062 552 3136 licet
570 3064 663 3136 alias
691 3065 895 3138 familiares
923 3073 1062 3159 essent,
1095 3087 1114 3136 a
1142 3086 1265 3137 seore-

171 3172 209 3234 to
236 3172 365 3237 tamen
393 3174 431 3236 et
448 3163 570 3236 amico
592 3165 776 3237 moeroris
795 3168 893 3259 loco,
922 3165 982 3236 ubi
1003 3189 1044 3237 se
1063 3163 1133 3236 sibi
1151 3163 1265 3236 lieen-

171 3263 244 3335 tius
272 3274 310 3337 et
337 3264 421 3338 ideo
449 3263 665 3363 diligentius
693 3264 839 3338 solebat
863 3264 1064 3361 explicare,
1091 3264 1264 3336 removit.

170 3363 305 3438 Pectus
334 3364 478 3438 cordati
503 3364 573 3439 viri
605 3375 822 3463 pertaesum
848 3363 919 3436 fuit
936 3363 1080 3463 regifici
1099 3363 1209 3436 luxus
1229 3375 1266 3436 et

171 3475 388 3563 consuetae,
420 3466 493 3538 hoc
513 3465 736 3563 praesertim
763 3477 947 3563 tempore,
974 3463 1188 3562 potentibus
1213 3462 1266 3537 io·

172 3588 302 3637 corum
331 3576 368 3638 et
393 3567 630 3664 voluptatum
657 3567 868 3640 illecebrae.
922 3564 1027 3638 Unde
1054 3565 1086 3637 si
1114 3565 1263 3661 quando

171 3666 249 3738 suis
270 3676 424 3738 coactus
444 3668 722 3762 quodammodo
739 3666 898 3740 reddidit
912 3666 1009 3763 quod
1030 3690 1105 3737 non
1125 3664 1264 3760 debuit,

171 3789 369 3840 excessum
396 3767 497 3839 hunc
523 3767 713 3841 modicum
732 3765 823 3841 fletu
852 3767 1074 3864 plerumque
1099 3766 1264 3864 largiore

170 3866 337 3941 detersit.
389 3866 512 3940 Vitam
539 3880 780 3964 praesentem
813 3877 851 3941 et
877 3868 1026 3940 dulcem
1053 3867 1200 3961 metuit,
1229 3877 1267 3940 et

170 3992 341 4041 amaram
369 3977 545 4065 expertus
574 3981 641 4043 est.
687 3970 742 4042 De
768 3969 843 4042 vita
870 3994 958 4043 vero
987 3968 1109 4041 omnis
1129 3966 1267 4039 sollici-

171 4068 309 4141 tudinis
343 4079 381 4142 et
415 4069 609 4166 languoris
646 4068 795 4167 ignara,
833 4070 934 4142 haud
970 4068 1141 4163 dubium7
1176 4067 1266 4164 quin

172 4178 259 4240 ante
287 4168 411 4242 omnia
441 4169 645 4269 plurimum
673 4169 916 4268 cogitaverit,
952 4169 1087 4265 quide
1115 4193 1159 4242 ea
1186 4179 1265 4240 tam
