3146 5012
328 450 375 524 42
750 444 992 519 RUOTGERI

237 662 300 716 ast.
329 647 489 719 Romam
516 657 554 719 et
580 669 641 720 res
668 645 790 718 tocius
817 646 948 720 ltaliae
976 646 1225 724 ordinaturus.
1280 649 1427 722 Caesar

328 747 410 846 ipse
436 747 604 842 futuruS,
639 746 801 820 electum
828 771 977 820 summo
1013 772 1202 823 consensu
1235 751 1280 821 ab
1317 750 1421 822 omni

327 849 467 946 populo
488 873 619 946 regem
639 871 731 920 esse
739 847 944 943 constituit,
966 873 1133 922 unxerun
1136 849 1304 947 tttqueO
1307 875 1422 924 onem

328 950 576 1046 aequivocum
604 959 669 1045 pat
671 947 722 1021 ris
750 949 875 1021 bruno
911 949 1237 1049 archiepiscopus,
1266 951 1419 1034 Wilhelr

242 1069 299 1127 Mai
327 1073 413 1122 mus
441 1059 479 1123 et
504 1048 704 1122 Heinricus
723 1049 937 1162 caeterique
957 1052 1131 1124 sacerdot
1117 1062 1174 1125 tes
1194 1050 1342 1124 Domini
1361 1077 1420 1124 re-

243 1145 289 1199 26.
329 1176 416 1249 gem
443 1151 480 1222 in
508 1150 734 1248 Aquisgrani
769 1150 883 1248 pala
874 1174 932 1246 10,
967 1162 1005 1224 et
1039 1152 1219 1224 exultavit
1254 1150 1420 1224 maxima

328 1260 413 1350 grat
398 1251 581 1324 tutatione
618 1251 779 1349 populus
813 1251 959 1324 dicens:
1018 1251 1119 1326 Vivat
1150 1267 1214 1324 retr
1240 1255 1277 1324 in
1305 1259 1419 1326 ueter-

326 1352 435 1425 num!
463 1351 578 1424 Divisi
606 1362 694 1424 sunt
726 1351 859 1425 deinde
894 1354 938 1424 ab
975 1353 1199 1425 alterutrum
1232 1353 1421 1450 germani,

325 1478 394 1551 par
429 1476 581 1551 semper
616 1452 817 1547 invictum,
855 1463 892 1526 et
927 1452 1157 1550 imperatore
1185 1454 1299 1551 Alpes
1327 1453 1418 1528 Pen-

208 1645 212 1651 .
324 1554 433 1625 ninas
466 1564 702 1648 transeunte,
730 1552 913 1628 remansit
946 1553 1038 1626 citra
1077 1563 1269 1651 spectatus
1306 1564 1418 1650 atque

324 1653 532 1726 incredibili
558 1654 696 1752 pietate
715 1653 913 1750 utrobique
933 1653 1222 1728 desideratus
1186 1679 1270 1752 prus
1290 1665 1420 1752 pastor

325 1754 696 1853 etarchiepiscopus
723 1754 859 1826 Bruno.
903 1755 985 1826 Non
1011 1755 1125 1868 longe
1149 1766 1235 1853 post
1263 1755 1416 1828 domino

325 1865 362 1928 et
388 1855 495 1926 fratri
522 1878 605 1950 suo,
646 1855 731 1951 quia
772 1855 895 1953 ipsum
937 1879 1005 1953 per
1043 1879 1084 1928 se
1112 1855 1167 1928 ire
1195 1880 1270 1927 non
1297 1854 1420 1952 licuit,

325 1954 527 2028 auxiliares
563 1955 692 2052 copias
726 1979 801 2026 non
836 1955 959 2029 levem
997 1955 1420 2038 armaturam1deto-

322 2055 533 2128 thariorum
560 2055 701 2169 populo
730 2054 843 2127 misit
898 2056 964 2160 His
999 2057 1162 2170 praefuit
1190 2055 1421 2130 Godefridus..

325 2157 398 2228 dux
408 2181 573 2327 ,tquem
577 2154 667 2269 ipse
694 2155 867 2252 nutrivit,
902 2151 963 2228 ιιι
1002 2157 1153 2255 sapiens
1194 2168 1231 2230 et
1266 2147 1422 2270 religio·

323 2281 407 2375 sus,
445 2256 727 2330 amantissimus
753 2257 879 2354 pacis,
908 2258 1263 2330 observantissimus
1291 2257 1421 2355 aequi·

321 2357 427 2454 fatis,
467 2357 687 2455 imperatori
721 2383 788 2456 per
821 2357 856 2429 id
897 2369 1046 2456 tempus
1087 2360 1131 2430 ad
1171 2369 1301 2432 votum
1341 2383 1418 2432 ser·

322 2457 447 2554 viens,
491 2458 665 2530 omnibus
707 2459 871 2556 placens.
937 2459 1007 2531 Hic
1046 2461 1181 2533 eodem
1220 2458 1421 2558 tempore2‘

321 2559 425 2632 febre
453 2568 668 2656 correptuS,
695 2559 733 2630 in
762 2582 940 2656 magnam
966 2583 1075 2658 spem
1101 2561 1251 2633 futurae
1279 2560 1415 2658 quietis

231 2671 294 2726 964.
323 2659 536 2755 exspiravit.
574 2658 660 2753 ,De
713 2659 819 2732 cuius
870 2661 1084 2733 innocentia
1137 2655 1424 2758 quodammodo

235 2803 241 2816 ι
323 2783 501 2856 securuS,
533 2759 641 2856 quasi
667 2760 775 2833 testis
804 2770 841 2834 et
868 2761 1042 2833 conscius
1069 2759 1166 2833 vitae
1194 2761 1294 2854 eius,
1331 2762 1415 2858 pius

322 2871 430 2958 pater
447 2860 586 2952 Bruno,
615 2886 701 2933 cum
720 2862 766 2934 de
784 2860 942 2957 pecunia
963 2860 1212 2957 dispensanda
1237 2872 1417 2958 ageretur

322 2986 390 3058 pro
417 2963 583 3035 remedio
613 2961 761 3034 animae
788 2960 900 3054 illius,
928 2985 1003 3031 non
1030 2961 1139 3034 valde
1167 2985 1250 3034 eam
1277 2963 1415 3035 talibus

322 3062 491 3175 indigere
519 3061 691 3135 asseruit.
744 3059 988 3157 Imperatoris
1021 3071 1130 3176 praet
1132 3086 1220 3136 erea
1252 3063 1416 3136 reditum

230 3177 293 3233 965.
321 3163 490 3236 frater
458 3186 538 3236 ems
565 3171 676 3234 nocte
695 3160 828 3257 dieque
847 3161 986 3234 sollicit
971 3173 1032 3234 tus
1038 3163 1283 3261 expectavit,
1249 3166 1417 3237 trede-

322 3267 402 3336 unti
441 3263 478 3334 in
520 3261 771 3359 omnigloria
801 3261 924 3335 laetus
952 3263 1277 3337 occurrittEius
1314 3263 1414 3336 enim

323 3363 457 3438 eximia
485 3371 557 3434 v1r
559 3385 621 3457 uS,
661 3361 843 3476 dignitas,
883 3373 922 3436 et
958 3363 996 3435 in
1036 3388 1080 3438 eo
1122 3362 1274 3478 negotio
1316 3365 1414 3461 quod

321 3465 441 3562 gessit
426 3462 553 3536 fitdes
573 3472 611 3535 et
628 3486 698 3535 con
701 3461 874 3536 tinentia·
865 3463 1082 3561 ,simulque
1108 3489 1192 3538 cum
1208 3465 1289 3562 ipso
1306 3488 1414 3562 spem

316 3624 318 3629 ,
322 3563 449 3658 otii,e
451 3562 691 3660 ttranquillit
693 3574 753 3638 ate
773 3565 986 3637 animorum
1003 3565 1154 3662 iudicia,
1180 3566 1300 3664 lagae,
1328 3589 1414 3638 cum

322 3663 523 3736 concordia
549 3664 679 3762 populi
706 3666 808 3762 regis
836 3676 873 3738 et
908 3664 1119 3764 principum
1148 3665 1414 3740 auctoritatem

321 3765 517 3838 reductam
536 3788 601 3838 aes
603 3764 759 3838 timavit.
797 3765 913 3839 Cuius
933 3766 1100 3839 consiliis
1120 3767 1307 3862 omnibus,
1327 3790 1413 3839 cum

321 3867 403 3964 ipse
430 3865 522 3938 nihil
550 3865 650 3938 aliud
684 3866 765 3939 dies
802 3891 846 3939 ac
873 3876 1003 3940 noctes
1031 3867 1103 3940 nisi
1128 3869 1174 3940 de
1200 3867 1322 3940 salute
1350 3891 1415 3964 po·

321 3967 400 4065 puli
428 3965 623 4064 cogitaret,
650 3964 831 4064 interfuit,
861 3977 898 4041 et
922 3967 1021 4041 inter
1055 3967 1198 4066 primos
1225 3966 1412 4041 excelluit.

322 4067 391 4141 Hic
419 4067 541 4142 eidem
575 4066 820 4165 gravissimus
855 4079 988 4180 auctor
1021 4071 1066 4141 ad
1102 4067 1413 4164 constituendam,

323 4218 347 4287 1)
368 4222 457 4288 gravis
485 4230 636 4275 armaturae
666 4224 785 4293 equites,
816 4223 914 4293 quibus
939 4221 1080 4294 hodieque
1099 4220 1274 4292 Lotharingia
1303 4223 1413 4293 antiqua

322 4293 435 4346 excellit.
510 4295 537 4363 2)
557 4295 666 4347 obiita.
687 4295 747 4348 964.
769 4294 848 4348 Cont.
868 4295 937 4364 Reg.
