3146 5012
538 459 648 531 vvm
673 456 923 533 anunente.
1061 434 1064 445 '
1223 463 1271 535 lu

9 633 10 636 Ἴ
68 693 71 698 ·
185 658 418 754 Omnipotens
456 662 583 734 sonuit
567 657 832 734 tinevitudtle.
900 659 1075 734 Tristibus
1114 663 1194 734 istis
1232 663 1270 734 in
1298 678 1362 737 ess.

181 761 279 835 brevi
305 760 381 835 laet
365 769 404 834 tu
429 759 637 834 succedunt.
687 759 781 833 llluc
798 783 872 833 uon
889 768 1079 855 assumpta
1104 764 1139 835 ui
1140 768 1191 857 ta,
1218 769 1274 836 set
1298 750 1360 880 23*

153 864 361 946 mutata
348 886 387 934 m
403 861 548 956 melius,
585 885 719 959 popo,
745 861 808 934 uti
832 863 931 935 viros
956 860 1062 957 lonpe
1084 861 1272 955 plureset
1343 867 1351 884 '

180 961 368 1058 clariores,
403 986 513 1060 quoru
538 963 794 1059 utrumquem
819 961 992 1061 viderim,
1029 965 1101 1036 cito
1127 963 1266 1037 videbo.

179 1065 256 1138 Nec
282 1064 390 1162 plura
416 1063 475 1137 his
502 1065 663 1161 locutus7
690 1064 829 1138 lectulo
856 1061 958 1137 fessa
983 1088 1071 1136 mox
1098 1067 1268 1139 membra

125 1159 129 1174 ‘
179 1165 360 1264 reposuit.
397 1165 626 1239 Consuetum
652 1165 891 1264 paulopost,
918 1166 1003 1239 luce
1031 1165 1153 1238 adhuc
1174 1165 1267 1239 inte·

178 1291 259 1364 gra‚
286 1266 523 1363 vespertinae
551 1265 672 1339 laudis
700 1265 888 1363 officium,
924 1276 1035 1340 nocte
1071 1266 1148 1340 iam
1183 1292 1268 1366 pro·

116 1361 117 1368 '
178 1368 292 1440 lunda
319 1367 607 1466 completorium
627 1367 709 1466 ipse
729 1391 813 1440 cum
833 1367 1010 1441 fratribus
1030 1391 1267 1450 consumma·

176 1467 249 1563 vit3
277 1467 428 1542 domino
455 1467 536 1542 Deo
564 1492 633 1542 suo
659 1478 954 1566 sanctorumque
985 1467 1265 1567 eiusprecihus

176 1593 263 1643 sese
302 1570 409 1668 quasi
449 1594 538 1642 mox
577 1570 716 1642 iturum
757 1570 937 1644 attentius
969 1570 1264 1666 commendavit3

175 1669 247 1745 iter
272 1694 383 1743 suum
410 1695 548 1770 magno
576 1671 641 1744 illo
668 1670 826 1767 viatico⁷
861 1680 993 1746 sancto
1026 1670 1201 1746 videlicet
1227 1682 1265 1746 et

176 1772 286 1844 unico
311 1772 580 1871 redemptionis
607 1783 760 1846 nostrae
787 1771 956 1870 pignere,
982 1771 1265 1871 munivit3'epi·

175 1895 313 1971 scopos
341 1872 584 1971 seipsumque
613 1884 650 1946 et
681 1898 747 1947 eos
780 1874 842 1970 qui
877 1883 1029 1971 praesto
1063 1884 1169 1948 erant
1201 1875 1263 1948 be-

174 1973 385 2048 nedictione
426 1973 671 2072 consignavit.
702 2045 703 2050 ,
736 1975 792 2046 lta
830 1975 1064 2048 tremendam
1104 1974 1264 2047 dissolu·

173 2072 286 2146 tionis
313 2098 404 2148 suae
430 2075 564 2147 horam
592 2075 716 2148 animo
743 2074 887 2147 intento
915 2076 960 2147 ad
986 2073 1176 2148 Creatoris
1204 2073 1262 2147 sui
1291 2090 1353 2150 oct.
1410 2099 1413 2104 ·

173 2173 373 2273 imperium
415 2176 636 2274 expectavit.
689 2175 736 2250 Et
769 2175 806 2248 in
840 2175 963 2249 media
996 2185 1106 2250 nocte
1143 2185 1262 2248 trans·
1302 2166 1347 2223 ¹¹·

172 2286 278 2373 acta,
310 2301 515 2351 conversus
548 2277 632 2349 nisu
665 2301 738 2372 quo
774 2286 924 2374 poterat
959 2278 1005 2349 ad
1041 2275 1261 2376 episcopum

172 2376 444 2451 Theodericum
471 2388 648 2476 nepot-em
669 2401 797 2450 suum:
824 2377 987 2472 Domine,
1014 2377 1145 2475 inquit,
1172 2378 1263 2450 oro!

173 2487 212 2550 et
237 2502 323 2549 mox
342 2478 439 2552 inter
455 2480 661 2576 psallentes
680 2477 842 2553 Domino
862 2486 900 2553 et
918 2488 1069 2552 orantes
1088 2478 1263 2552 nimium·

173 2602 246 2677 que
274 2576 407 2652 llentes
435 2580 609 2678 spiritum
643 2579 814 2654 exalavit.
867 2579 1021 2668 Quod
1011 2603 1048 2652 m
1083 2579 1147 2652 illo
1185 2603 1260 2652 non

172 2701 221 2791 po
224 2678 294 2751 tuit
320 2679 429 2794 mori,
455 2681 576 2755 reddit
561 2690 641 2753 tum
670 2691 727 2754 est
753 2681 940 2754 Creatori·
932 2704 1106 2779 ,corpus
1134 2675 1261 2754 autam

171 2779 254 2852 eius
282 2781 475 2877 exanime,
493 2781 591 2856 sicut
616 2781 698 2880 ipse
716 2781 822 2854 vivus
841 2791 1099 2880 praeceperat
1073 2781 1261 2854 teodem

173 2879 252 2993 die⁷
292 2881 328 2953 id
357 2883 480 2956 est5
512 2882 601 2955 ldus
635 2880 825 2978 Octobris,
864 2882 1042 2955 indefessi
1082 2881 1161 2954 eius
1201 2905 1262 2954 co·

172 2980 284 3054 mites
310 2981 411 3056 levat
396 2993 477 3054 tum
503 2983 541 3054 in
567 2984 705 3057 feretro
724 2983 953 3058 transferent
938 2993 1008 3080 tes⁷
1035 2993 1168 3055 octava
1195 3008 1261 3081 po·

170 3091 253 3155 stea
192 3081 339 3156 tdie
366 3084 411 3156 ad
439 3091 578 3180 august
580 3108 640 3156 am
670 3085 804 3157 sedis
795 3083 912 3183 ipsius
931 3084 1170 3183 metropolim
1191 3083 1261 3155 Co·

171 3182 312 3255 loniam
340 3192 602 3297 pervenerunt
639 3183 808 3270 Quorum
828 3185 949 3257 adhuc
968 3184 1173 3257 nonnulli
1162 3208 1260 3256 mre·

171 3283 395 3357 iurandot
357 3295 395 3358 et
420 3284 559 3357 mirum
582 3284 619 3357 in
639 3285 791 3356 modum
812 3284 1032 3357 affirmando
1060 3293 1258 3380 testantur,

171 3384 209 3456 in
235 3386 350 3483 longo
377 3385 442 3458 illo
471 3385 605 3459 itinere
632 3386 774 3458 nullam
793 3409 889 3483 pene
907 3384 1168 3460 lassitudinem
1195 3394 1260 3458 aut

171 3484 309 3558 laboris
337 3479 548 3559 molestiam
583 3510 624 3559 se
657 3487 774 3558 subt
759 3495 864 3559 tanto
901 3510 1022 3560 onere
1046 3484 1258 3585 pertulisse.

171 3585 276 3659 Unde
303 3596 367 3659 aut
370 3597 430 3660 em
456 3587 570 3684 ibant,
598 3611 834 3684 quocumque
860 3587 975 3684 ibant,
1002 3611 1259 3684 quascumque

172 3695 390 3784 argentes,
418 3712 673 3785 quascumque
700 3698 821 3761 terras
850 3688 1098 3788 attingerant
1126 3711 1257 3761 omnes

172 3786 393 3862 mirabiliter
418 3789 544 3904 liuius,
572 3799 613 3862 ut
639 3813 771 3863 eorum
788 3789 912 3863 verbis
933 3799 1029 3886 utar,
1057 3788 1158 3886 digni
1176 3787 1257 3862 Deo

170 3888 240 3960 viri
267 3865 463 3962 meritam
491 3914 570 3963 rem
598 3890 846 3987 publicam,
835 3915 873 3962 m
899 3889 1186 3988 imperatorem,
1219 3889 1257 3961 in

171 4013 300 4087 regeS,
327 3989 365 4062 in
392 3989 599 4089 principes,
627 3991 664 4063 in
692 4016 844 4065 omnem
870 3991 1073 4105 populum,
1109 3989 1257 4087 eximia,

166 4113 243 4185 qua
262 4091 419 4189 quisque
436 4091 617 4165 facultate
636 4102 796 4190 poterat,
815 4092 1075 4166 aestimabant.

246 4193 305 4264 ld.
344 4191 423 4266 lam
459 4216 548 4267 vero
589 4216 673 4265 cum
714 4193 897 4266 eiusmodi
938 4191 1119 4289 exequiae
1149 4190 1259 4263 Colo·
1286 4201 1348 4260 oet.

170 4289 272 4363 niam
298 4292 554 4390 adventarent
581 4304 619 4368 et
604 4296 716 4367 htoc
739 4318 976 4392 peromnem
996 4277 1331 4391 regni-¹⁸L0tha

169 4389 238 4464 rici
265 4394 444 4492 populum
480 4395 581 4468 fama
608 4394 719 4469 nimis
748 4395 878 4470 odiosa
915 4395 1169 4494 dispergeret
1205 4393 1257 4466 ita
1334 4479 1337 4484 ¹

980 4510 1029 4588 4*
