3146 5012
500 488 505 496 .
566 424 675 498 VITA
703 424 953 498 BRUNONIS.
1259 431 1319 504 35-

212 625 311 698 beati
332 648 463 697 ornnes
490 624 652 722 pacifici,
679 625 855 721 quoniam
884 625 951 698 filii
970 625 1038 700 Dei
1059 637 1151 699 sunt
1168 629 1302 702 vocati.

102 719 107 724 ’
210 725 311 798 Talis
338 726 464 822 itaque
492 750 559 824 per
578 725 646 798 Dei
666 725 934 823 omnipotentis
961 727 1206 825 gratiam'vir
1232 729 1303 804 iste

210 826 298 924 fuit,
341 837 381 898 ut
414 850 483 900 nec
512 827 604 898 odio
638 851 707 899 nec
742 827 879 900 invidia
917 829 962 900 ad
999 831 1301 926 persequendum

211 951 275 1000 eos
303 926 364 1023 qui
391 926 486 1000 tales
523 937 630 1000 erant
657 927 733 999 ullo
761 929 878 1000 modo.
902 929 1146 1024 excitaretur,
1183 955 1251 1004 nec
1280 957 1301 1004 a

133 1037 137 1042 ’
209 1025 423 1101 miserendo¹
452 1037 517 1100 aut
542 1029 729 1125 parcendo
759 1027 907 1103 miseris
935 1029 1070 1102 duritia
1090 1041 1155 1102 aut
1173 1032 1302 1104 crude·

208 1128 314 1200 litate
342 1127 467 1225 aliqua
495 1129 804 1227 restringeretur‚
841 1141 899 1202 set
934 1139 973 1201 ut
1008 1141 1137 1227 pastor
1164 1131 1300 1205 sollici·

207 1237 268 1300 tus
305 1239 343 1302 et
367 1253 455 1303 vere
491 1229 565 1301 dux
598 1229 726 1327 populi
761 1229 829 1302 Dei
864 1231 1026 1303 salutem
1063 1232 1229 1303 omnium
1264 1241 1301 1304 et

207 1329 437 1442 utilitatem
428 1355 464 1402 1n
494 1330 596 1402 omni
623 1330 807 1426 quaesivit
833 1331 1072 1428 negotio-et
1096 1355 1189 1444 quos
1217 1333 1299 1429 ipse

206 1428 244 1501 in
271 1431 329 1503 via
364 1429 432 1504 Dei
470 1431 643 1502 duxitt
606 1441 643 1504 et
670 1430 814 1526 docuit,
848 1456 896 1504 ne
928 1457 948 1504 a
977 1432 1164 1529 perversis
1192 1433 1299 1506 sedu-

139 1609 143 1614 ,
207 1541 382 1604 cerentur
410 1542 447 1604 et
474 1532 509 1602 in
539 1556 707 1605 errorem
743 1531 996 1628 mitterentur,
1033 1543 1211 1605 strennue
1238 1533 1299 1606 de·

193 1631 375 1705 certavit.
421 1632 729 1705 'lantumautem
758 1635 887 1706 aberat
872 1632 1133 1730 tasaevitia,
1161 1641 1202 1704 ut
1228 1657 1295 1730 pro

140 1778 141 1781 =
205 1731 265 1803 his
294 1732 421 1808 etiarn
418 1733 598 1830 quibus
633 1757 804 1804 amarum
840 1733 978 1829 aliquid
1013 1758 1081 1830 pro
1116 1732 1297 1831 qualitate

205 1833 389 1905 factorum
405 1788 621 1907 decessario
638 1833 823 1908 inferebat
825 1833 1161 1932 rpsefrequenter
1171 1857 1297 1907 amare
1396 1890 1397 1894 ¹

204 1931 330 2028 lieret3
355 1933 405 2006 ita
432 1937 597 2031 gaudere
617 1958 702 2006 cum
727 1934 892 2030 gaudent
894 1934 988 2029 ibus,
1016 1959 1100 2005 eum
1120 1933 1296 2007 flentibus

204 2031 296 2106 llere
326 2033 530 2107 consuevit.
505 2035 673 2106 tNam
712 2044 748 2106 et
775 2033 837 2146 qui
865 2035 937 2106 hcc
964 2032 1054 2105 dixit
1039 2035 1293 2148 tquendarn

204 2135 423 2208 sathanae
413 2161 451 2206 rn
478 2134 671 2207 interitum
698 2135 821 2207 carnis
848 2134 1024 2208 tradere
1015 2133 1137 2231 iussit,
1165 2145 1205 2206 ut
1224 2136 1297 2232 spi·

202 2235 297 2307 ritus
316 2235 352 2307 in
373 2235 433 2308 die
452 2235 601 2308 Domini
622 2237 750 2308 salvus
770 2258 854 2309 esse
873 2235 1003 2333 possit.

278 2338 337 2409 35.
365 2336 483 2434 Igitur
518 2361 604 2408 cum
637 2337 713 2408 iam
745 2360 865 2434 prope
897 2345 999 2409 esset
1032 2359 1180 2409 summa
1215 2335 1293 2408 dies
1322 2353 1386 2414 955.

203 2445 240 2508 et
280 2436 520 2509 ineluctabile
560 2447 730 2534 tempus,
780 2461 853 2534 quo
894 2436 995 2510 Deus
1041 2435 1291 2534 omnipotens³

103 2595 124 2606 -
202 2535 387 2634 propitius
414 2548 550 2633 terrae7
578 2537 707 2634 populi
735 2538 793 2610 sui
821 2538 922 2610 ultus
950 2537 1186 2635 sanguinem,
1215 2561 1294 2610 ser·

201 2660 338 2709 vorum
378 2661 533 2710 suorum
572 2637 775 2711 vindictam
821 2637 1046 2711 retribueret
1085 2637 1123 2710 in
1162 2638 1291 2710 hostes

203 2761 353 2834 eorum,
394 2748 601 2837 aggravata
641 2749 699 2811 est
739 2738 1022 2810 ultramodum
1064 2749 1102 2810 et
1140 2738 1292 2810 omnino

201 2837 504 2912 intollerabiliter
531 2839 704 2936 superbia
724 2838 986 2927 ferocissimae
1006 2837 1129 2936 gentis
1148 2838 1292 2935 Ungro·

201 2962 297 3034 rum7
317 2939 483 3033 seducta,
512 2941 636 3032 eredo,
664 2939 869 3038 superioris
899 2939 985 3011 anni
1013 2961 1203 3011 successu.
1237 2938 1320 3012 si-·

199 3040 363 3135 quidem7
392 3049 433 3110 ut
455 3039 698 3113 veracissime
726 3041 865 3113 dictum
893 3039 991 3113 est¹z
1030 3043 1120 3112 Ante
1144 3042 1291 3111 ruinam

199 3139 385 3212 exaltatur
408 3164 483 3234 cor,
511 3139 559 3211 ibi
588 3140 803 3212 ceciderunt
838 3149 969 3213 omnes
997 3140 1060 3237 qui
1088 3141 1292 3252 operaban-

199 3250 260 3312 tur
286 3239 534 3337 iniquitatem
580 3230 776 3312 Praevenit
802 3241 899 3310 hano
926 3264 1143 3338 pressuram
1171 3239 1292 3311 immi·
1341 3253 1343 3257 '
1436 3251 1445 3267 “

199 3353 351 3414 nentem
380 3341 588 3415 aecclesiae
620 3366 693 3438 pax
719 3340 756 3411 in
783 3339 923 3511 placito
952 3339 1089 3437 regali,
1123 3339 1261 3434 quod
1252 3364 1289 3410 rn
1319 3358 1381 3414 954.

199 3440 397 3514 Arnestat²
423 3441 527 3514 habit
512 3451 592 3513 turn
619 3440 706 3537 fuir
744 3465 788 3512 ex
815 3440 961 3538 integro
990 3439 1116 3513 condit
1101 3449 1218 3535 teta7
1245 3431 1380 3513 exuet.

199 3564 337 3638 magna
366 3541 440 3614 iam
468 3553 575 3640 parte
602 3567 670 3640 per
695 3496 857 3639 imperat
860 3542 935 3612 oris
969 3540 1088 3614 nostri
1114 3540 1290 3614 fratrum·

199 3666 271 3737 que
291 3640 372 3714 eius
391 3643 616 3739 sapientiam
636 3641 868 3714 confirmata.
903 3641 950 3712 Et
967 3665 1099 3714 revera
1117 3641 1287 3713 tribubus

198 3752 236 3814 et
253 3741 392 3856 linguis
411 3741 584 3840 innotuit
611 3742 698 3839 quia
717 3740 842 3816 Deus³
860 3741 1104 3816 dissensionis
1123 3767 1198 3814 non
1218 3753 1288 3838 est,

199 3852 257 3916 set
275 3866 396 3940 parre,
416 3852 560 3915 tantam
579 3843 689 3916 hurus
709 3843 812 3916 mitro
833 3854 966 3940 opera
970 3867 1012 3916 us
1040 3853 1098 3915 est
1083 3797 1288 3916 tsaluteni

197 3945 357 4058 populo
364 3967 448 4017 suo.
493 3942 735 4056 Imperatoris
763 3945 913 4041 quidem
941 3943 1094 4043 spiritus
1122 3943 1288 4041 agitaba-

197 4046 293 4114 tur
284 4071 320 4116 rn
348 4043 443 4142 ipso,
479 4043 566 4140 quia
603 4069 673 4116 non
712 4055 793 4118 erat
827 4045 860 4118 ei
895 4055 1045 4142 tempus
1082 4044 1285 4117 exercitum

200 4178 223 4248 1)
252 4178 404 4252 Pronlb,
437 4179 480 4234 18
591 4180 616 4249 2)
637 4178 800 4234 Arnstadt
793 4199 820 4232 m
846 4179 1013 4248 Thuringia3
1044 4179 1079 4234 cl.
1104 4177 1175 4234 Anu.
1198 4178 1288 4250 Augg.

149 4334 155 4338 -
195 4252 304 4307 aare
398 4224 485 4326 '.a)r
506 4251 568 4308 tor.
592 4253 633 4308 14
654 4253 698 4308 33.
