3146 5012
504 485 613 558 VlTA
639 483 890 558 BRUNONlS.
980 551 987 568 ,
1196 485 1243 556 27
1313 549 1319 554 ,

151 697 228 759 tam
257 685 397 760 acriter
419 685 600 784 vigilabat
626 686 672 758 ad
699 685 916 785 pernitiem,
944 710 1057 782 quam
1090 685 1171 783 ipse
1199 684 1244 756 ad
1275 699 1336 756 954.

152 787 326 861 salutem.
362 786 479 860 Fama
498 796 625 860 autem
645 796 683 861 et
708 785 956 859 multitudinis
982 785 1110 858 iuditio
1140 785 1246 858 mini·

151 912 256 961 mum
283 897 410 960 motus
439 897 512 982 est3
540 911 609 960 suo
638 887 707 960 sibi
734 887 871 960 iudicio
901 910 997 959 usus
1031 897 1108 981 est,
1145 896 1182 959 et
1208 885 1245 957 in

153 1009 225 1086 quo
253 998 355 1062 recta
383 988 568 1086 probavit7
596 1011 670 1060 nou
701 998 741 1061 ut
766 987 848 1084 sibi,
876 998 934 1062 set
959 987 1038 1061 Deo
1066 988 1246 1085 placeret,

152 1089 306 1186 optavit.
343 1088 473 1185 ltaque
489 1132 534 1142 -
552 1098 592 1161 ut
615 1089 745 1187 paucis
770 1089 889 1163 multa
914 1088 1245 1187 comprehendam⁷

150 1189 260 1288 plura
288 1189 458 1262 omittam
487 1231 532 1241 —
560 1189 661 1262 intus
690 1200 728 1262 et
753 1190 858 1287 foris7
886 1189 987 1262 domi
1014 1187 1246 1284 militiaeque

153 1290 365 1364 indefessus
384 1289 535 1364 Domini
554 1290 773 1388 praeliator,
794 1290 908 1362 animi
929 1290 1014 1388 plus
1034 1312 1146 1386 quam
1166 1312 1246 1361 cor·

152 1390 254 1489 poris
282 1389 423 1463 viribus
451 1391 592 1463 tamdiu
613 1401 743 1464 contra
762 1391 982 1489 pestilentes
1003 1400 1040 1463 et
1057 1389 1245 1486 inquietos

151 1500 374 1588 tantumque
390 1492 491 1565 vitae
510 1491 623 1565 etiam
643 1513 736 1565 suae
753 1492 976 1590 plerumque
1000 1490 1167 1589 periculo
1186 1490 1246 1563 de·

154 1591 329 1688 certavit,
357 1601 399 1664 ut
425 1592 588 1664 nominis
615 1617 762 1690 quoque
790 1592 1021 1688 eius'lama,
1050 1613 1246 1688 quousque

153 1692 336 1790 pervenit⁷
364 1693 462 1766 bella
498 1693 661 1789 sedaret,
687 1718 821 1791 pacem
856 1695 1052 1789 formaret,
1081 1691 1245 1764 studium

153 1795 191 1865 in
212 1792 385 1865 omnibus
412 1793 520 1866 bonis
551 1793 692 1874 artibus
718 1794 900 1891 firmaret
926 1802 1081 1866 sanctae
1099 1791 1248 1890 religio·

153 1893 212 1966 nis
232 1904 270 1966 et
288 1893 505 1968 salutiferae
524 1894 660 1991 quietis
679 1895 842 1993 gratiam
862 1894 1071 1992 ampliaret.

229 1997 288 2070 26.
317 1994 505 2082 Quoniam
533 1994 648 2093 igitur
679 1995 833 2067 humilis
868 1995 941 2068 iste
975 1993 1246 2093 philochristus

154 2103 192 2168 et
219 2093 418 2167 meliorum
439 2096 574 2168 ardens
601 2096 1086 2188 aemulator-carismatum,
1115 2113 1247 2166 servus
1282 2149 1285 2154 .

153 2193 304 2266 Domini
330 2194 476 2291 Bruno‚
512 2196 719 2269 secundum
754 2196 973 2296 dignitatem
1008 2195 1108 2268 sedis
1142 2218 1247 2290 suae,

153 2294 347 2370 Romanae
372 2319 521 2393 quoque
543 2296 642 2370 sedis
663 2307 700 2369 et
726 2297 958 2394 apostolicae
976 2295 1247 2369 benedictionis

19 2471 26 2492 ⁸
153 2395 349 2494 privilegio
377 2397 506 2470 debuit
531 2397 715 2496 insigniri⁷
745 2408 895 2471 etcum
922 2399 976 2471 eis
1004 2396 1156 2494 pariter,
1184 2395 1246 2492 qui

155 2495 332 2568 traditam
364 2522 385 2570 a
424 2499 532 2570 beato
564 2499 673 2572 Petro
711 2498 885 2597 apostolo
914 2522 1045 2571 sanam
1072 2494 1246 2571 servare1

157 2595 378 2693 doctrinam,
405 2597 614 2671 catholicae
632 2597 721 2673 fidei
740 2599 967 2698 integritate,
995 2599 1032 2670 iu
1051 2623 1140 2672 vera
1160 2620 1248 2670 con·

154 2696 322 2771 sessione
349 2708 386 2771 et
411 2695 617 2770 inviolabili
636 2699 793 2772 veritate
817 2698 1106 2798 praedicationis
1134 2697 1248 2770 uniri:

156 2797 372 2893 synodicam
392 2821 501 2872 suam
526 2799 726 2896 epistolam
753 2824 822 2897 per
841 2800 1111 2895 Hadamarum‚
1138 2822 1248 2871 vene-

80 2899 86 2910 “
155 2897 312 2972 rabilem
339 2900 560 2974 monasterii
587 2900 784 2974 Fuldensis
809 2902 996 2998 abbatem,
1023 2899 1182 2976 Romam
1202 2899 1248 2970 ad

155 2998 372 3096 Agapitum‚
390 2997 510 3074 mirae
529 3001 738 3075 sanctitatis
758 3027 908 3101 papam,
936 2998 1086 3096 direxit3
1104 3000 1142 3072 in
1161 3024 1247 3097 qua,

157 3099 262 3171 cuius
281 3098 436 3197 spiritus
456 3109 568 3199 esset,
597 3112 634 3175 et
652 3101 738 3199 quia
763 3113 895 3202 pastor
920 3105 964 3174 ab
993 3101 1124 3175 ovibus
1152 3101 1249 3175 elec·

155 3208 229 3295 tus,
257 3224 277 3273 a
305 3199 468 3274 Domino
496 3200 637 3274 missus
663 3214 776 3296 esset,
803 3203 974 3275 innotuit.
1011 3203 1249 3300 Appellatus·

157 3325 228 3397 que
247 3312 306 3374 est
331 3301 381 3374 ibi
407 3325 566 3375 concors
593 3313 632 3376 et
659 3301 824 3376 concivis
850 3303 1122 3401 apostolorum,
1149 3300 1248 3399 prin-

156 3401 272 3499 ceps²
299 3425 344 3475 ac
367 3413 598 3501 propagator
616 3402 766 3475 Domini
793 3413 1093 3503 praeceptorum.
1128 3401 1250 3499 Lega-

155 3511 217 3574 tus
245 3500 330 3576 inde
363 3528 448 3576 cum
487 3527 625 3602 magna
647 3505 794 3578 (mentis
831 3504 1025 3577 alacritate
1059 3525 1247 3599 reversus,

107 3605 110 3610 '
156 3601 219 3701 pio
247 3603 409 3700 pastori‚
446 3603 505 3677 cui
542 3605 703 3694 antebac
730 3605 852 3705 gratia
880 3604 949 3679 Dei
982 3603 1161 3677 collatum
1190 3612 1249 3676 est

157 3704 365 3776 secundum
384 3705 631 3802 propbetam³
650 3706 775 3780 oleum
791 3705 917 3806 gaudii
936 3730 1005 3805 pro
1024 3705 1139 3800 luctu,
1158 3715 1248 3776 tunc

156 3803 282 3877 attulit
298 3805 456 3903 pallium
475 3805 596 3879 laudis
614 3832 683 3904 pro
702 3807 834 3905 spiritu
854 3807 1050 3880 moeroris.
1086 3804 1248 3904 Spiritus

156 3927 320 4003 namque
345 3904 415 3980 Dei
444 3907 598 3979 cordato
623 3907 779 4005 homini,
817 3919 854 3982 et
883 3907 1108 3982 sacramenti
1136 3905 1247 3978 buius

156 4005 382 4104 magnificae
409 4006 538 4080 virtuti
563 4009 687 4106 magis
714 4033 826 4106 quam
854 4009 912 4081 his
940 4033 1036 4106 quae
1053 4006 1249 4082 visibiliter
1277 4045 1279 4052 ι

157 4109 384 4204 gerebantur
401 4107 558 4206 intento,
585 4108 761 4182 divinitus
787 4109 999 4207 inspiravit,
1027 4118 1068 4180 ut
1086 4107 1250 4206 erigeret

158 4260 182 4332 l)
211 4263 230 4314 i.
258 4279 281 4314 e.
302 4273 441 4318 servarunt
459 4269 506 4320 aut
531 4281 637 4319 servare
656 4263 770 4330 habant,
799 4265 905 4318 debant.
979 4261 1007 4336 2)
1032 4260 1150 4332 sortasse
1178 4279 1249 4334 apo-

156 4335 287 4389 stolorum
306 4335 436 4407 principis
455 4339 592 4408 leucadam
611 4343 669 4394 ent.
745 4337 771 4410 3)
790 4335 843 4392 les.
864 4336 908 4402 bl,
928 4335 954 4390 3.
