3146 5012
502 459 611 531 VITA
641 457 890 533 BRUNONlS.
1209 466 1257 540 49

164 662 270 736 viciis
298 673 335 735 et
361 661 488 760 regnis
520 659 640 733 subita
673 661 776 733 fama
812 660 977 736 exterriti
1013 665 1256 762 advenerunt,
1285 683 1347 738 969.

164 763 449 837 innumerabilis
476 761 689 834 multitudo.
725 761 845 835 Affuit
868 763 1108 840 Treverensis
1136 767 1256 839 archi·
1284 755 1345 884 {gt-

165 865 368 965 episcopus
401 873 438 937 et
468 861 710 937 Leodicensis
743 863 934 937 antistes1.
987 867 1257 941 Processerunt
1331 871 1338 886 '

164 967 203 1038 in
242 966 407 1039 medinm
448 964 613 1062 episcopi
651 964 904 1038 Theodericus
945 978 982 1039 et
1019 967 1254 1065 Wiclridns²7
1337 1009 1339 1014 ¹

164 1077 282 1141 testes
310 1065 465 1138 ultimae
499 1065 704 1138 sanctionis
729 1065 810 1138 eius
839 1076 876 1140 et
902 1065 1115 1165 legationis
1143 1093 1256 1166 quam

131 1153 252 1241 'filiis
287 1167 364 1239 suis
399 1166 535 1240 ibidem
562 1167 640 1240 Deo
669 1165 915 1239 militantibus
943 1169 1054 1241 misit.
1098 1170 1255 1243 Lectum
1286 1251 1288 1255 ,
1388 1169 1390 1171 ’

154 1278 225 1343 est
241 1277 509 1341 testamentum
530 1267 611 1341 eius
631 1267 668 1338 in
688 1267 910 1366 presbiterio
937 1270 1140 1344 venerabili
1169 1283 1255 1346 ante

165 1371 285 1442 altare
313 1367 540 1441 sanctissimi
568 1367 684 1464 Petri3
711 1369 898 1442 recensita
916 1382 1003 1444 sunt
1022 1372 1133 1469 etse,
1159 1398 1255 1468 qnae

164 1471 227 1570 pio
256 1470 405 1567 quidem
433 1479 471 1543 et
497 1468 658 1543 sollicito
678 1469 715 1540 in
734 1470 804 1543 Dei
822 1472 934 1548 nebus
954 1472 1079 1545 animo
1108 1473 1257 1571 rogavit

166 1583 203 1646 et
221 1571 343 1669 iussit⁷
361 1580 420 1644 set
433 1570 629 1644 scribenda
644 1594 718 1642 non
734 1570 891 1667 censuit,
910 1573 1084 1647 videlicet
1104 1584 1143 1646 ut
1157 1599 1254 1647 anno
1355 1599 1357 1604 ¹

164 1673 228 1745 illo
244 1682 324 1744 toto
334 1672 580 1770 persingulas
591 1671 883 1769 diesnnmquam
894 1675 1017 1747 minus
1032 1699 1145 1771 quam
1160 1675 1257 1747 libra

166 1773 1255 1874 denariorumintegrainususpauperumerogarideberet.

241 1877 301 1948 48.
341 1873 485 1947 Deinde
524 1874 730 1946 secundum
770 1877 1064 1973 postulationem
1099 1887 1136 1950 et
1162 1877 1257 1950 desl-

166 1974 312 2047 derium
341 1975 463 2048 cordis
491 1973 584 2071 eins‚
612 1998 684 2072 quo
705 1973 891 2074 flagrabat
909 1977 946 2050 in
967 1978 1144 2052 extremis
1164 1977 1255 2074 sum,

166 2083 321 2148 suasum
349 2085 407 2148 est
442 2075 543 2148 clero
581 2075 841 2172 sanctissimo,
875 2087 917 2149 ut
950 2078 1090 2152 volenti
1128 2078 1253 2150 animo

167 2200 304 2274 corpus
326 2176 405 2248 eius
424 2176 620 2249 transferri
640 2179 902 2274 permitterent
921 2180 965 2250 ad
982 2181 1254 2254 monasterium

165 2277 451 2374 monachorum,
476 2278 574 2372 quod
593 2277 631 2348 in
649 2280 791 2351 honore
811 2290 1029 2353 sanctorum
1048 2292 1255 2376 martyrum

164 2377 424 2474 PantaleoniS‚
476 2373 638 2452 Cosma'e
674 2390 711 2454 et
753 2380 926 2453 Damiani
971 2392 1083 2479 atque
1111 2381 1256 2469 Quirini

58 2512 66 2526 »
166 2489 271 2551 extra
298 2479 399 2551 urbis
427 2503 555 2551 muros
582 2505 658 2552 non
686 2483 807 2554 solum
833 2490 923 2554 tunc
950 2483 1169 2579 construxit
1198 2493 1257 2556 set

166 2580 287 2651 adhuc
315 2603 434 2675 usque
460 2579 618 2652 consilio
653 2591 691 2654 et
715 2581 949 2681 providentia
976 2609 1045 2657 sua
1072 2584 1257 2658 construit

123 2745 131 2760 ,
165 2691 203 2753 et
230 2679 403 2753 ordinare
430 2705 505 2752 non
541 2692 685 2779 cessat,
718 2686 952 2780 gubernante
985 2685 1065 2758 Deo
1093 2685 1255 2784 insignia

164 2783 286 2854 bonae
296 2781 590 2854 voluntatiseius
608 2808 676 2880 per
690 2795 909 2857 sanctornm
928 2786 1074 2884 merita,
1094 2810 1253 2883 quorum

163 2881 254 2954 illuc
273 2893 311 2955 et
328 2883 506 2978 reliquias
526 2884 675 2958 advexit
692 2895 731 2959 et
748 2885 955 2983 patrocinia
978 2887 1048 2958 sibi
1074 2887 1254 2986 religiosa

164 2992 203 3056 ‘et
213 2983 343 3056 sedula
354 2982 627 3080 supplicatione
641 2986 813 3084 providit.
841 2988 1095 3060 Assenserunt
1105 3012 1264 3087 prompg

163 3083 532 3158 tissimavoluntate
561 3109 693 3158 omnes
728 3088 773 3159 ad
810 3088 936 3161 omnia
971 3115 1068 3186 quae
1094 3089 1255 3188 impera·

164 3183 235 3279 vit3
263 3184 387 3257 solum
414 3184 504 3256 illud
532 3185 753 3260 difficillime
778 3213 1002 3285 persuasum
1030 3180 1104 3286 est,
1141 3201 1182 3261 ut
1209 3189 1254 3263 de

165 3308 316 3358 summo
344 3285 624 3360 sacratissimae
643 3286 742 3360 sedis
763 3289 843 3361 eius
870 3290 954 3362 loco
983 3313 1120 3389 corpus
1140 3290 1255 3362 abdu-

165 3398 314 3458 ceretur
342 3387 522 3460 exanime.
552 3388 893 3487 ‘Lugebant'quasi
918 3390 1054 3464 iterum
1074 3390 1257 3490 destituti,

165 3511 241 3558 non
269 3487 449 3561 audentes
485 3499 572 3586 post
605 3490 760 3588 longam
795 3491 1104 3565 deliberationem
1130 3492 1191 3566 vel
1216 3490 1254 3564 in

115 3591 116 3596 ’
164 3585 238 3659 hoc
265 3587 442 3661 resistere
470 3589 549 3663 eius
583 3590 894 3689 religiosissimae
928 3593 1123 3666 voluntati.
1184 3592 1256 3670 De:

166 3687 299 3760 ductus
327 3698 384 3761 est
402 3701 530 3786 pastor
557 3693 602 3764 ab
630 3691 783 3787 ovibus,
811 3693 883 3766 dici
910 3719 985 3766 non
1012 3703 1149 3793 potest
1177 3694 1256 3790 qui·

166 3791 236 3860 bus
256 3788 432 3862 lamentis
452 3801 489 3864 et
516 3793 720 3888 questibus.
758 3793 938 3892 Sepultus
965 3807 1022 3868 est
1048 3797 1084 3868 in
1113 3795 1257 3868 aeccle·

165 3890 446 3963 siabeatorum
473 3904 681 3989 martyrum
718 3898 773 3970 14.
807 3893 994 3969 Kalendas
1021 3896 1255 3993 Novembris·

168 3989 230 4061 ubi
265 4015 385 4087 usque
418 3992 529 4070 hodie
563 3995 762 4092 perspicue
801 4007 1054 4094 monstratur,
1094 4006 1255 4095 quantus

167 4091 344 4164 fueritin
371 4093 490 4166 oculis
522 4096 705 4168 bonorum
739 4098 918 4169 omnium.
968 4098 1089 4186 Quem
1124 4108 1256 4196 postea

169 4191 387 4292 amiserunt,
427 4195 548 4291 qualis
588 4196 721 4293 fuerit,
761 4209 798 4271 et
837 4198 922 4271 boni
962 4210 999 4272 et
1037 4199 1127 4271 mali
1167 4199 1258 4272 luci·

8 4385 9 4388 ¹
170 4325 194 4399 1)
215 4327 358 4384 Eueraclas
380 4335 424 4400 qui
448 4337 475 4386 et
491 4333 611 4388 Euercor
631 4334 719 4404 glossa
738 4335 838 4388 codicis
858 4352 904 4389 sec
930 4332 986 4391 Xl.
1055 4337 1083 4408 2)
1108 4336 1257 4394 Virdunen-

165 4405 209 4455 sir
225 4405 361 4472 episcopus
380 4405 468 4474 glossa
489 4424 542 4460 sec.
561 4404 612 4462 x1.
