3146 5012
374 463 421 536 24
797 459 1040 534 RUOTGERI

373 662 411 734 in
431 661 601 734 custodia
629 660 804 734 dominici
824 660 952 832 gregis
980 685 1107 734 secum
1133 660 1274 759 pariter
1298 661 1471 761 invigila·
1519 675 1521 732 l

373 787 414 836 ιθ
447 761 630 834 sollicitus
659 771 885 852 ammonuit,
917 771 954 834 et
992 761 1079 859 quia
1115 761 1225 860 culpa
1253 741 1521 860 temporuml

375 865 618 960 urguebatur,
650 873 692 934 ut
714 863 835 934 rarius
862 862 958 935 haec
983 886 1069 934 cum
1096 861 1169 934 illis
1198 873 1329 964 ageret
1355 889 1471 960 quam
1517 823 1521 990 1

374 963 537 1059 volebat,
569 962 767 1035 sollicitius
794 965 930 1036 absens
956 987 1031 1035 non
1062 962 1186 1035 minus
1223 987 1335 1060 quam
1363 989 1521 1062 prae-3

376 1089 478 1160 sens,
505 1062 638 1160 spiritu
665 1064 837 1160 fervenS,
865 1062 1027 1136 Domino
1063 1063 1231 1136 serviens
1260 1067 1521 1139 aestuabat

375 1165 493 1237 Erant
520 1163 554 1238 ei
580 1165 683 1236 foras
712 1186 883 1262 pugnae,
916 1163 1018 1236 intus
1056 1163 1226 1236 timores
1274 1165 1472 1264 Pugnabat

377 1274 509 1338 contra
541 1264 724 1376 luporum
746 1263 973 1338 aecclesiam
1000 1263 1069 1338 Dei
1096 1265 1293 1338 devastare
1320 1266 1473 1364 cupien-

375 1365 472 1439 tium
499 1363 662 1458 rabiem,
698 1364 855 1438 timebat
881 1363 1032 1437 Domini
1067 1365 1196 1436 ovium
1223 1365 1470 1481 simplicitati,
1520 1389 1521 1426 1

377 1466 476 1540 srcut
486 1474 596 1563 apos
581 1463 719 1538 tolus1.
737 1467 868 1560 Timeo,
879 1464 1020 1562 inquid
1030 1488 1086 1561 ne,
1096 1489 1243 1559 serpens
1252 1473 1348 1538 sicu
1333 1467 1472 1540 tEvum

376 1566 606 1640 seducitt
546 1589 589 1638 crs
591 1569 690 1638 tucia
714 1589 833 1660 suini
821 1569 876 1638 itu
899 1587 1026 1638 sensus
1051 1567 1160 1638 uestri
1185 1575 1472 1661 corrumpantur

377 1692 403 1739 a
420 1666 662 1762 simplicitate,
690 1689 783 1762 quac
810 1670 901 1738 cst
888 1690 927 1739 m
954 1665 1094 1739 Christo
1119 1667 1212 1740 lesu.
1248 1666 1304 1740 lta
1331 1667 1473 1740 exerci-

376 1778 455 1840 tato
483 1777 638 1866 pectore
672 1777 802 1840 contra
835 1767 993 1840 adversa
1026 1767 1154 1840 omnia
1187 1767 1471 1840 robustissimus

378 1878 479 1963 erat,
506 1867 544 1940 in
563 1867 755 1966 prosperis
775 1892 922 1964 quoque
941 1866 1027 1939 talis
1054 1867 1203 1941 animus
1229 1867 1383 1942 minime
1408 1894 1472 1942 va-

377 1969 542 2063 cillabat,
569 1971 682 2042 rebus
709 1993 827 2064 aeque
848 1977 885 2042 e
870 1967 1044 2041 ctrebris
1063 1967 1392 2042 exercitationibus
1409 1969 1472 2040 do·

380 2093 468 2144 cens
495 2091 628 2143 omnes
656 2069 727 2142 sibi
755 2069 936 2165 subditos
964 2067 1147 2141 sollicitos
1173 2093 1326 2143 servare
1351 2069 1472 2142 unita·

377 2181 456 2245 tem
483 2170 590 2268 spirit
591 2194 636 2242 us
662 2169 863 2243 invinculo
882 2169 998 2267 pacis
1050 2169 1162 2242 Visus
1195 2181 1254 2244 est
1287 2169 1471 2269 singulari

376 2271 442 2344 illa
469 2271 606 2344 mentis
633 2293 725 2344 suae
753 2269 921 2369 agilitate
948 2294 1045 2368 pene
1064 2270 1273 2343 excessisse
1292 2270 1471 2368 generale

377 2372 468 2448 illud
471 2373 596 2484 ,quod
617 2370 705 2443 dicit
690 2380 763 2466 tur,
781 2381 961 2466 mentem,
981 2395 1067 2442 cum
1081 2370 1255 2442 dividitur
1274 2372 1319 2443 ad
1338 2371 1470 2465 multa,

378 2471 461 2546 fieri
488 2472 674 2544 minorem
693 2472 738 2543 ad
759 2471 917 2568 singula.
955 2469 1101 2569 Cogen
1105 2495 1125 2544 e
1151 2470 1266 2568 igitur
1284 2469 1472 2569 imperiali

379 2571 616 2686 auctoritate,
635 2571 960 2670 suscepit,tut1am
975 2571 1116 2644 dictum
1138 2583 1208 2668 est,
1227 2582 1390 2646 tractare
1409 2597 1472 2646 ne·

378 2673 480 2772 gotia
505 2673 612 2770 regni
637 2674 735 2770 apud
760 2672 971 2746 Lotharios.
1017 2671 1064 2744 Et
1090 2696 1176 2745 cum
1198 2673 1396 2770 unicuique
1424 2674 1470 2745 de

376 2773 606 2872 principibus
626 2785 664 2848 et
690 2772 974 2872 magistratibus
996 2797 1107 2844 suum
1135 2773 1338 2870 partiretur
1361 2796 1471 2869 onuS,

379 2875 580 2972 unicuique
608 2874 676 2946 sibi
704 2899 912 2972 congruum
931 2873 1136 2968 imperaret
1162 2897 1270 2972 opus,
1297 2873 1389 2945 nihil
1416 2885 1471 2946 ta·

378 3000 465 3048 men
494 2985 586 3069 erat,
614 2977 713 3071 quod
740 2998 815 3046 non
842 2974 923 3070 ipse
936 2973 1080 3068 ⁴obiret,
1109 2973 1365 3047 hocmaxima
1386 2999 1471 3048 con·

378 3074 451 3147 silii
469 3074 670 3150 vivacitate
694 3075 906 3172 providem,
935 3074 1031 3170 quod
1062 3073 1238 3148 omnibus
1266 3075 1468 3174 expediret.

453 3177 512 3250 23.
541 3174 755 3248 Causantur
771 3175 869 3248 forte
894 3173 1033 3272 aliqui²
1059 3174 1207 3248 divinae
1226 3175 1471 3273 dispensatio·

377 3274 435 3348 nis
462 3275 598 3375 ignari,
626 3275 960 3374 quare'episcopus
985 3300 1066 3349 rem
1090 3274 1220 3373 populi
1247 3286 1285 3349 et
1302 3275 1469 3373 pericula

351 3377 466 3451 belli
490 3376 728 3473 tractaverit,
764 3401 849 3449 cum
876 3377 1087 3449 animarum
1119 3378 1380 3448 tantummodo
1409 3401 1470 3449 cu·

377 3501 459 3550 ram
487 3477 707 3575 susceperit.
745 3476 887 3564 Quibus
906 3501 967 3550 res
986 3477 1070 3574 ipsa
1086 3476 1211 3572 facile,
1238 3476 1270 3549 si
1298 3477 1384 3575 quid
1412 3500 1470 3549 sa·

378 3603 467 3650 num
487 3579 651 3676 sapiunt,
678 3577 875 3675 satisfacit,
903 3601 989 3650 cum
1017 3586 1164 3650 tantum
1191 3587 1229 3651 et
1249 3587 1329 3651 tam
1347 3578 1470 3650 insue-

377 3688 459 3751 tum
480 3678 556 3751 illis
574 3679 799 3776 praesertim
817 3679 986 3777 partibus
1005 3677 1108 3776 pacis
1128 3680 1267 3751 bonum
1287 3704 1353 3777 pei
1370 3680 1471 3751 hunc

378 3789 436 3852 tut
421 3790 543 3854 torem
570 3791 608 3853 et
634 3782 828 3855 doctorem
863 3777 985 3852 fidelis
1011 3778 1138 3877 populi
1170 3780 1301 3893 longe
1319 3779 1470 3875 lateque

263 3972 268 3982 ἱ
376 3890 631 3995 propagatum
650 3881 847 3978 aspiciunt,
867 3904 914 3952 ne
932 3903 1001 3978 pro
1028 3880 1100 3953 hac
1118 3905 1159 3954 re
1179 3879 1285 3977 quasi
1312 3879 1349 3951 in
1368 3889 1471 3952 tene

378 3985 465 4057 bras
491 3981 672 4079 amplius,
703 3980 765 4054 ubi
792 4005 868 4053 non
895 3990 954 4054 est
976 3980 1191 4079 praesentia
1216 3981 1324 4077 lucis,
1354 3979 1469 4054 offen-

379 4085 479 4158 dant
523 4083 609 4157 Nec
627 4107 715 4156 vero
736 4106 833 4156 nova
857 4081 928 4155 luit
952 4081 1064 4155 huius
1091 4081 1220 4154 mundi
1246 4079 1467 4197 gubernatio

378 4196 444 4258 aut
461 4196 615 4259 sanctae
634 4183 703 4258 Dei
730 4183 939 4258 aecclesiae
957 4182 1167 4258 rectoribus
1187 4191 1298 4256 antea
1316 4181 1470 4256 inusita-

453 4311 478 4384 l)
496 4313 514 4364 2
534 4309 597 4367 Cor.
619 4311 662 4376 11,
681 4311 707 4366 3.
781 4312 808 4383 2)
828 4311 863 4365 cl.
883 4309 1046 4365 Widulrind.
1064 4307 1086 4363 l.
1107 4307 1152 4364 31.
