3146 5012
509 419 620 491 VITA
645 416 896 500 BRUNONIS.
963 437 964 442 ’
1215 412 1263 486 45

168 620 324 694 inferius
356 621 538 719 scripturn
569 620 607 693 in
634 630 812 721 promptu
838 619 1001 692 habebit.
1052 617 1262 716 Ingenium,
1291 631 1355 698 aas.

82 809 83 812 Ἴ
172 723 270 820 quod
297 724 436 794 mundo
467 723 579 795 corde
615 734 653 797 et
684 721 763 819 iugi
800 720 1067 795 exercitatione
1103 718 1262 816 politum
1292 707 1356 762 ⁰⁰t·

170 826 268 897 dono
288 821 357 896 Dei
377 822 538 897 reddidit
565 833 602 896 et
627 823 797 920 inlustre,
825 821 945 916 illurn,
973 833 1013 893 ut
1039 819 1178 916 liquido
1197 844 1262 918 ap·

170 936 279 1024 paret
296 924 333 996 in
353 917 433 997 eius
451 923 588 1021 verbiS,
608 949 681 997 non
700 925 891 997 defecerat
908 923 946 994 in
966 921 1154 996 extremis.

178 1071 183 1088 x
246 1027 306 1098 44.
346 1025 436 1098 Post
468 1019 564 1098 haec
599 1050 743 1124 pauper
770 1023 923 1121 Christi,
961 1023 1121 1096 collecta
1147 1020 1262 1094 animi

171 1125 321 1222 virtute,
347 1127 484 1200 iterum
512 1126 689 1200 semotim
709 1125 909 1224 episcopos
929 1123 1135 1198 advocavit.
1174 1121 1263 1209 Qui·

171 1229 240 1299 bus
268 1227 519 1300 assidentibus
547 1237 584 1300 et
610 1226 850 1302 interioribus
878 1225 1000 1320 factiS,
1027 1225 1123 1298 haec
1148 1226 1263 1298 verba

172 1328 317 1424 gemitu
358 1331 585 1402 exuberante
626 1339 663 1402 et
701 1326 798 1408 fletu,
832 1327 1037 1400 inundante
1077 1325 1261 1424 profudit:

174 1429 258 1500 Tria
297 1429 385 1500 mibi
422 1428 590 1502 uidentur
615 1453 749 1526 penera
785 1452 861 1501 esse
893 1429 1145 1521 confessionis,
1186 1428 1263 1522 qui·

172 1527 238 1602 bus
273 1553 310 1603 se
345 1553 411 1602 cor
434 1530 592 1604 bominis
620 1529 772 1603 domino
793 1528 870 1602 Deo
896 1552 985 1623 sua,
1020 1551 1147 1600 renum
1181 1528 1262 1602 testi

172 1637 208 1702 et
232 1633 433 1704 scrutatori
459 1630 642 1725 cordium,
679 1633 880 1724 patefacit,
921 1653 993 1702 non
1027 1635 1069 1700 ut
1092 1630 1175 1724 ipsi,
1201 1631 1263 1724 qui

172 1731 261 1802 nihil
278 1755 352 1804 non
376 1735 488 1826 uouit,
515 1730 673 1804 lucidius
698 1735 921 1825 innotescat,
948 1735 1003 1803 set
1027 1735 1069 1801 ut
1092 1729 1169 1824 ille,
1202 1731 1263 1825 qui

172 1855 210 1903 se
232 1856 367 1926 parum
384 1836 496 1927 uouit,
523 1835 688 1906 veracius
713 1834 967 1924 semetipsum
994 1837 1193 1928 apnoscat,
1229 1836 1263 1906 ct

173 1940 242 2005 aut
265 1921 380 2006 lfeum
405 1938 443 2005 in
470 1933 669 2022 benefactis
695 1931 833 2026 laudet,
861 1938 929 2004 aut
943 1956 981 2006 se
999 1934 1036 2004 in
1054 1931 1263 2019 malefactis

177 2042 334 2106 accuset,
386 2035 468 2107 Hoc
495 2058 576 2106 cum
602 2057 741 2126 semper
766 2035 845 2122 feri
863 2030 993 2104 debeat
1015 2075 1066 2086 —-
1092 2035 1145 2104 sic
1169 2035 1263 2104 enim

171 2133 325 2230 vipilare
348 2137 630 2230 praecipimurl,
660 2159 709 2206 ne
740 2137 804 2222 fur
829 2137 952 2206 veniat
983 2131 1131 2230 quando
1158 2132 1263 2206 nobis

172 2238 328 2309 incautis
356 2235 531 2308 damnum
557 2236 728 2308 illaturus
753 2239 895 2328 irrepat
920 2277 964 2288 -
994 2241 1069 2308 tum
1091 2234 1264 2328 pulsante

172 2334 321 2409 domino
356 2337 488 2410 domus
518 2361 585 2430 per
619 2337 841 2426 infirmitatis
867 2335 1088 2429 molestiam,
1123 2359 1295 2410 necesse·

175 2443 237 2529 est,
272 2444 436 2510 ulmeus
470 2461 508 2509 se
540 2436 669 2535 quibus
699 2442 822 2532 possit
853 2436 989 2509 uiribus
1022 2439 1154 2531 eripat,
1190 2459 1264 2532 qua

174 2536 299 2608 ualeat
326 2539 517 2611 intentione
543 2539 656 2610 iudici
691 2562 759 2610 suo
794 2539 1106 2635 appropinquanti
1139 2560 1264 2609 assur-

127 2635 129 2640 ’
172 2644 247 2732 pat,
274 2641 403 2732 sopitis
430 2641 582 2712 terrenis
609 2637 799 2713 desideriis
825 2661 887 2733 spe
924 2637 975 2710 ad
1009 2661 1168 2732 superna
1193 2639 1260 2722 fla·

173 2745 263 2833 pret,
291 2738 388 2811 bona
413 2744 597 2834 perennia,
626 2743 692 2812 etsi
718 2763 791 2812 non
810 2743 951 2834 meruit,
979 2742 1124 2812 minime
1142 2746 1263 2811 tamen

174 2837 354 2933 desperet,
387 2840 457 2914 sibi
491 2840 645 2936 defidat,
677 2843 714 2912 in
748 2839 905 2912 Domino
939 2838 1110 2928 confidat.
1170 2839 1263 2912 Ecce

173 2941 312 3026 fratres
331 2939 464 3036 dilecti,
491 2945 587 3014 sieut
602 2945 758 3038 cernitis,
781 2941 955 3035 pulsatur
973 2943 1088 3013 ianua
1103 2944 1262 3034 pectoris

172 3043 241 3112 mei
248 3069 262 3132 ,·
289 3064 398 3113 vocor
426 3040 477 3112 ad
502 3040 728 3114 reddendam
754 3045 936 3114 rationem
963 3045 1081 3135 operis
1099 3043 1178 3114 mei.
1220 3040 1262 3112 Si

172 3140 260 3237 quid
282 3144 446 3236 potestis,
472 3165 576 3240 rope,
603 3144 695 3229 ferie
717 3141 964 3236 praesidium,
1002 3145 1180 3214 drudonis
1205 3166 1262 3214 ue·

171 3249 271 3342 strae
292 3244 471 3338 porcipite
496 3265 656 3315 manum.
692 3243 855 3315 Incertus
882 3247 974 3314 inter
995 3265 1093 3336 spem
1111 3248 1260 3314 metum·
1282 3245 1306 3292 Ἴ

172 3365 239 3436 que
264 3345 388 3436 fcrcr3
412 3350 456 3415 ut
478 3345 516 3414 in
541 3349 707 3418 neutram
729 3349 874 3439 partem
903 3345 1061 3438 pronior
1085 3344 1260 3437 inflectar,

171 3441 211 3513 id
229 3467 321 3516 raero
355 3443 561 3517 enitendum
589 3451 650 3518 est.
704 3442 770 3516 Set
792 3467 885 3543 quae
911 3450 998 3516 sunt
1021 3446 1114 3516 uires
1135 3443 1260 3525 meae?

171 3542 446 3618 Misericordiae
469 3544 666 3618 remedium
684 3543 920 3639 praestolor,-
951 3547 989 3616 in
1014 3567 1127 3617 manu
1153 3545 1260 3617 Crea-

169 3647 262 3718 -toris
279 3649 348 3718 mei
366 3669 467 3738 sum,
504 3646 549 3719 de
574 3672 651 3742 me,
678 3645 777 3742 quod
795 3649 865 3740 ipsi
886 3645 1021 3741 placet,
1048 3653 1091 3718 ut
1113 3649 1181 3735 fiat
1202 3670 1260 3718 ea·

168 3752 286 3839 pecto.
339 3746 484 3818 Bonum
517 3754 571 3821 est
601 3751 762 3836 confiteri
787 3745 955 3820 Domino.
1010 3747 1198 3834 Confessio
1226 3753 1263 3820 et

170 3849 438 3942 mapuificentia
479 3871 571 3941 opus
610 3853 695 3923 eius.
748 3847 832 3921 Nou
871 3851 964 3921 euim
996 3846 1138 3944 aliquid
1164 3848 1260 3942 boni,

171 3950 242 4020 m'si
267 3950 346 4042 ipso
380 3956 570 4043 operante,
606 3953 684 4039 ficri
708 3956 841 4044 potest.
900 3949 966 4022 Est
997 3955 1119 4021 autem
1152 3972 1261 4045 quae-

172 4037 273 4120 dam*
286 4051 486 4143 confessio,
524 4073 598 4121 non
618 4057 776 4142 peccata
804 4048 1021 4145 deplorans,
1056 4053 1260 4123 misericor·

131 4193 133 4206 ·
171 4146 272 4219 diam
299 4157 419 4223 tumen
444 4149 670 4244 implorans,
703 4149 748 4222 de
773 4173 847 4248 qua
869 4175 937 4243 per
957 4148 1189 4244 psalmistam
1217 4174 1277 4235 ec,

165 4272 328 4343 persona
346 4249 492 4324 Domini
511 4251 687 4324 dicitur2:
713 4249 971 4348 „Sacrificium
998 4250 1122 4325 laudis
1147 4251 1260 4326 bono·

171 4375 196 4448 1)
215 4376 310 4432 Matri.
330 4376 375 4442 u,
389 4377 433 4432 42.
452 4378 498 4434 43.
571 4378 598 4451 a)
617 4379 661 4434 es.
680 4379 724 4450 49,
738 4379 783 4435 23.

982 4474 1004 4544 4
