3146 5012
350 433 398 506 22
769 428 1011 504 RUOTGERI

259 651 322 708 953.
350 633 489 707 scelera
522 633 688 706 versant!
730 632 787 704 Ita
814 635 850 705 in
874 632 1119 726 potestatibus
1145 637 1345 724 temperare
1371 632 1443 706 iilis

254 723 328 797 sept.
351 733 444 807 adeo
472 732 623 824 difficile
647 741 711 827 cst,
739 734 801 830 qui
814 757 882 827 per
900 732 1131 806 ambitionem
1144 731 1285 825 probos
1308 756 1346 805 se
1370 757 1443 806 non

352 859 439 929 esse,
458 842 514 907 set
529 832 656 929 videri,
677 838 913 929 praeoptant.
946 833 1052 908 Nosti
1076 833 1317 929 dilectissime,
1344 833 1444 930 quod

351 933 495 1033 quidem
515 958 595 1007 eum
616 933 743 1008 dolore
756 934 890 1030 recolo,
910 959 972 1008 eos
990 934 1076 1007 mibi
1093 933 1443 1028 frequenterdurio·

349 1061 408 1110 res
427 1043 463 1108 et
478 1037 598 1131 mapis
621 1033 754 1124 infidos
780 1037 905 1132 fuisse,
933 1059 1025 1131 quos
1051 1036 1209 1131 amptius
1235 1036 1324 1130 foai,
1350 1058 1443 1131 quos

351 1141 388 1211 in
402 1135 527 1208 multis
540 1134 865 1210 necessitudinibus
874 1135 1191 1222 foederatissimos
1201 1139 1335 1230 amaoi,
1351 1159 1443 1232 quos

352 1237 503 1334 denique
526 1235 613 1308 mibi
640 1237 955 1311 coniunctissimos
983 1240 1184 1311 aestimavi.
1241 1236 1442 1313 Graoeboc

325 1342 522 1435 ,perpessu
548 1338 638 1431 feeit,
667 1336 801 1431 dupten
826 1339 985 1411 miseria.
1025 1336 1131 1426 Quod
1151 1346 1277 1422 ¹autem
1301 1361 1358 1408 me
1382 1360 1442 1408 ur·

350 1445 446 1534 quet,
474 1438 574 1510 mata
597 1441 798 1531 superiora·
815 1437 1111 1532 praeponderat,
1139 1462 1221 1511 cum
1252 1437 1312 1510 ille
1338 1461 1442 1535 quem

350 1541 458 1635 penui
480 1545 696 1632 praereptus
720 1539 817 1634 mibi,
843 1546 1019 1633 paternae
1040 1541 1173 1633 pietati
1198 1537 1328 1626 didicit
1357 1541 1442 1612 insi·

352 1638 460 1712 diari.
497 1638 642 1711 Enitere
659 1641 783 1735 ipitur,
809 1631 865 1711 dir
882 1639 957 1712 Deo
977 1639 1116 1732 dedite,
1141 1663 1214 1713 non
1241 1663 1312 1737 quo
1330 1638 1440 1712 modo
1512 1634 1514 1641 ‘

347 1742 519 1834 primum,
539 1747 594 1811 set
609 1738 719 1813 modo
735 1743 967 1840 potissimum
976 1769 991 1834 ,·
1012 1743 1154 1836 enitere,
1180 1764 1329 1838 quaem,
1358 1764 1442 1813 con·
1508 1740 1520 1813 ³.-

351 1840 433 1914 sitio
460 1839 524 1910 itio
552 1847 616 1911 tuo
644 1863 715 1936 quo
743 1838 853 1912 catics
875 1840 1095 1936 plurimum,
1132 1848 1174 1912 ut
1190 1867 1264 1936 pro
1300 1841 1391 1914 ioco
1411 1848 1442 1912 et
1527 1914 1528 1919 ,

352 1949 512 2034 tempore
530 1947 600 2013 aut
615 1964 723 2012 arma
738 1939 956 2037 desuadeas,
976 1949 1043 2014 aut
1058 1965 1202 2038 quoquo
1216 1949 1331 2036 pacto
1346 1965 1442 2014 com·

348 2065 489 2136 poscas.
530 2039 665 2114 Absens
693 2040 756 2113 tibi
774 2066 938 2136 corpore,
966 2043 1179 2138 ubicumque
1205 2067 1279 2138 ero,
1305 2041 1441 2138 paude-
1516 2057 1523 2066 ’·

278 2233 281 2240 .
352 2167 413 2215 um
440 2143 515 2236 tibi,
542 2141 706 2237 pratuler
727 2142 979 2238 providentiae
1006 2149 1041 2216 et
1066 2142 1309 2216 moderationi
1344 2151 1439 2216 tuae.

350 2242 395 2315 Id
412 2242 499 2314 mibi
517 2249 687 2336 reputare
713 2242 800 2316 libet
824 2242 923 2339 quod
948 2246 1089 2338 feceris,
1116 2241 1156 2314 id
1181 2242 1305 2317 itidem
1330 2242 1442 2315 libeat

353 2343 418 2415 tibi
436 2340 535 2438 quod
560 2347 693 2430 fecero.
733 2344 826 2437 Opto
855 2352 891 2417 et
916 2343 1097 2418 cumulate
1124 2342 1303 2437 desidero,
1331 2351 1374 2415 ut
1397 2367 1440 2415 ea

352 2444 457 2517 nobis
481 2445 530 2517 sit
551 2451 719 2516 votorum
747 2451 782 2516 et
808 2444 1059 2517 oblectamenti
1083 2466 1239 2540 summa,
1263 2468 1336 2518 non
1364 2452 1444 2517 tan·
1506 2470 1513 2505 ε»

354 2551 431 2616 tum
458 2567 586 2616 coram
611 2542 700 2637 Deo,
727 2552 782 2617 set
804 2549 912 2618 etiam
931 2568 1057 2617 coram
1081 2545 1298 2638 bominibus,
1321 2549 1444 2638 proui-
1514 2574 1519 2583 ·

353 2643 431 2717 deri
449 2641 546 2717 bona
565 2643 785 2718 atterutrum
813 2669 856 2718 ea
875 2653 1087 2743 quaesunt,
1119 2649 1201 2720 etsi
1218 2648 1297 2734 fieri
1310 2652 1442 2744 potest,
1464 2661 1467 2664 ’
1506 2700 1509 2709 -

353 2769 434 2817 cum
459 2745 626 2819 omnibus
651 2746 783 2820 babere
804 2771 946 2841 pacem.
983 2746 1126 2820 Deinde
1155 2755 1356 2843 postquam
1385 2772 1445 2818 ru·
1518 2771 1521 2790 ³

352 2857 462 2920 erunt
487 2847 524 2919 in
553 2848 701 2942 oscula,
729 2847 910 2920 non-sine
937 2847 1102 2919 lacrimis
1131 2849 1176 2918 ab
1204 2845 1363 2919 invicem
1392 2847 1444 2917 di·
1510 2914 1519 2927 ‚

353 2947 585 3043 gredienteS,
622 2947 827 3045 imperator
854 2947 1060 3043 orientem,
1094 2948 1212 3020 frater
1238 2947 1318 3020 eius
1347 2947 1444 3021 occi·
1503 2938 1515 3021 ἶ.

350 3048 500 3119 dentem
520 3047 661 3144 petivit.
1512 3095 1514 3100 ·

254 3164 328 3236 Sept.
427 3149 460 3220 2.
502 3148 662 3244 Moxque
703 3149 748 3220 ad
783 3149 910 3244 Aquas
952 3148 1066 3221 Grani
1104 3148 1231 3246 palatii
1267 3171 1443 3247 propera·

283 3239 328 3294 2¹·
352 3246 414 3320 vit.
468 3247 521 3319 lbi
550 3248 738 3346 principes
757 3248 876 3346 regni,
906 3274 1064 3346 quorum
1091 3249 1127 3321 id
1146 3249 1337 3345 intererat,
1358 3272 1443 3320 con·
1510 3259 1519 3292 ³

350 3349 471 3445 venit,
499 3373 562 3422 eos
589 3349 702 3422 variis
731 3350 932 3446 multisque
960 3350 1081 3422 modis
1109 3349 1302 3445 instruxit,
1331 3360 1443 3446 atque
1507 3413 1516 3436 .-

351 3449 423 3521 hoc
451 3473 537 3522 cum
565 3449 619 3523 eis
645 3450 885 3548 potissimum
910 3450 999 3547 egit,
1027 3476 1074 3523 ne
1098 3449 1358 3523 seductoribus
1379 3458 1443 3522 aut
1513 3453 1515 3456 ’

350 3549 455 3621 vanis
481 3575 614 3623 eorum
641 3550 839 3649 promissis
866 3552 1080 3647 crederent,
1115 3575 1161 3624 ne
1189 3549 1309 3623 minas
1337 3551 1443 3622 time·
1508 3550 1510 3553 ’

351 3648 593 3748 rent,1¹egiae
618 3651 806 3726 maiestati
835 3662 872 3726 et
898 3675 989 3724 suae
1015 3652 1185 3750 ipsorum
1219 3650 1306 3724 fidei
1337 3649 1444 3749 polli—
1508 3701 1522 3716 a,

351 3749 548 3824 citationes
576 3752 698 3825 nullas
730 3762 1026 3850 praeponerent,
1062 3753 1252 3850 spondens
1287 3775 1328 3824 se
1356 3759 1443 3823 ante

351 3860 502 3949 tempus
529 3860 566 3925 et
592 3851 630 3923 in
655 3863 828 3950 tempore
846 3877 998 3951 semper
1016 3863 1188 3951 paratum
1208 3853 1302 3945 fore,
1322 3861 1363 3924 ut
1380 3875 1443 3948 pa-

352 3977 434 4028 cem
462 3952 670 4027 aecclesiae
689 3953 880 4047 violatam,
907 3956 938 4026 si
957 3954 1012 4027 sic
1030 3977 1187 4029 necesse
1206 3961 1319 4049 esset,
1344 3951 1443 4025 vitae

256 4063 329 4137 Sept.
352 4053 465 4126 etiam
485 4077 576 4127 suae
601 4053 768 4153 periculo
798 4056 1032 4129 reformaret.
1086 4056 1167 4128 Hoc
1193 4054 1309 4150 facto,
1334 4053 1444 4126 Colo·

284 4139 329 4194 ²5·
351 4154 451 4227 niam
470 4155 592 4229 laetus
612 4155 718 4250 adiit,
743 4160 1012 4254 expectabatur
1031 4152 1274 4229 ordinationis
1293 4164 1442 4253 tempus
1496 4167 1523 4239 ¹2,

328 4264 388 4328 ‘et
415 4255 598 4328 unctionis
625 4257 775 4332 laeticia
803 4257 990 4331 salutaris.
1013 4333 1014 4336 ,
1040 4255 1123 4328 Hoc
1147 4256 1261 4354 tacto,
1289 4256 1443 4330 innova·
1497 4288 1507 4330 :
