3146 5012
504 444 612 517 vna
639 417 890 517 aruncius.
912 399 919 414 'f
1197 448 1243 518 ar

151 655 330 740 nepotem
366 668 498 741 suum,
532 645 728 740 convenit,
765 670 923 742 aegrum
961 645 1041 719 eius
1077 646 1245 720 animum
1273 661 1335 718 955.

151 745 345 818 blandiciis
374 746 487 819 melle
507 745 735 819 dulcioribus
755 745 935 842 delinivit7
964 756 1102 820 statum
1122 747 1244 845 pristi-

151 869 253 941 num7
289 845 320 917 si
355 870 452 942 quae
488 870 555 918 sua
590 857 697 920 erant
730 846 942 919 accuratius
977 846 1097 920 vellet.
1127 858 1244 922 atten-

151 946 251 1042 dere,
278 946 504 1042 repromisit.
541 950 572 1020 Α
592 971 664 1043 quo
684 956 886 1044 postquam
905 946 1142 1020 medicinalia
1167 972 1244 1022 ser-

151 1070 307 1120 monum
345 1058 382 1119 et
421 1047 698 1120 exortationum
726 1070 881 1120 suarum
909 1048 1076 1121 antidota
1103 1074 1175 1121 non
1203 1060 1244 1122 ut

150 1146 254 1244 prius
282 1147 442 1244 obliquis
471 1147 692 1261 ambagibus
720 1148 918 1246 declinari,
947 1158 1006 1221 set
1031 1148 1140 1223 solito
1169 1150 1244 1222 avi-

150 1247 239 1318 dius
273 1249 512 1347 praegustari
552 1259 589 1322 et
628 1247 724 1321 ad
714 1247 893 1322 mteriora
921 1249 1086 1346 pectoris
1126 1250 1242 1348 recipi

140 1347 288 1445 sensit
317 1372 403 1420 eum
423 1373 512 1421 mox
536 1349 717 1448 episcopii
746 1349 803 1421 sui
829 1349 955 1424 locum
975 1351 1242 1447 venerabilem,

149 1447 321 1521 Bonnam
339 1449 525 1541 videlicet
552 1451 713 1524 iucunde
733 1451 824 1524 satis
844 1449 1027 1547 invitavit
1045 1450 1242 1524 iucundius

150 1550 330 1648 suscepit
358 1549 460 1622 omni
487 1504 681 1664 vbluptate
717 1551 912 1723 utriusqute
940 1505 1053 1650 digria
1081 1563 1118 1625 et
1142 1576 1243 1624 com·

149 1650 263 1722 moda
292 1650 511 1764 cunctisque
539 1651 602 1748 qui
631 1653 788 1725 aderant
773 1662 881 1750 tgra
884 1651 1045 1749 tissima,
1073 1676 1148 1724 non
1176 1652 1242 1724 im·

149 1773 298 1823 memor
323 1752 451 1849 regiae
480 1751 620 1854 dignita
623 1751 684 1848 tis‚
713 1752 851 1826 affecit.
904 1752 976 1840 Qui
1005 1754 1093 1825 dum
1121 1753 1243 1826 adhuc

150 1849 263 1923 simul
291 1863 446 1950 essent.
404 1853 517 1927 tde
543 1847 602 1925 his
630 1877 726 1950 quae
758 1853 796 1925 in
825 1853 984 1951 expedit
975 1877 1080 1967 rone,
1108 1852 1242 1926 bellica

147 1949 264 2023 immo
293 1951 416 2026 divina
443 1953 598 2050 virtute,
633 1955 735 2026 facta
768 1964 873 2050 sunt
910 1954 1060 2026 nuntios
1088 1979 1243 2052 accepe-

147 2063 245 2122 runt
297 2051 436 2125 lnstitit
407 2063 577 2151 rttnepo
579 2078 639 2126 em
668 2063 824 2151 patruus
851 2053 1012 2151 amplius
1041 2054 1241 2127 consolari.

148 2151 305 2224 Factum
334 2154 455 2226 estin
482 2154 586 2227 brevi
613 2153 930 2226 instinctuthuius
960 2153 1174 2266 consiliarii,
1202 2165 1243 2227 ut

148 2251 226 2325 filio
247 2276 314 2326 suo
318 2253 410 2351 qui
440 2253 623 2352 perierat
631 2265 668 2328 et
686 2255 859 2328 inventus
875 2265 932 2327 est
933 2254 1169 2353 imperator
1187 2267 1243 2328 to·

148 2361 226 2425 tam
253 2309 401 2427 ltaliam
431 2354 637 2454 delegaret
664 2366 702 2428 et
729 2352 827 2452 quod
852 2354 973 2428 maius
999 2355 1069 2428 fuit
1054 2366 1241 2454 tpater·

149 2478 237 2525 nam
282 2453 500 2529 firmissime
533 2455 713 2570 pietatem
746 2457 991 2554 impenderet.
967 2409 1112 2529 tUbi
1152 2458 1241 2530 dum

148 2552 313 2628 maxime
332 2555 474 2652 placuit
491 2557 646 2668 populo,
670 2557 847 2670 viamque
866 2554 1059 2630 affectavit
1076 2555 1263 2729 Olimpo‚

149 2665 305 2769 repente
332 2653 404 2728 llos
430 2655 493 2730 ille
520 2655 787 2754 integerrimus
826 2668 864 2730 et
896 2659 1011 2730 robur
1046 2658 1225 2754 regnitu

148 2754 337 2828 tissimum
374 2782 395 2830 e
430 2756 554 2832 medio
590 2755 964 2831 excessit1.Patte1
999 2769 1126 2830 autem
1159 2759 1241 2831 eius
1270 2777 1331 2833 957.

119 2849 125 2860 '
148 2866 310 2953 impera
312 2881 355 2928 or
383 2882 426 2930 ac
445 2882 596 2957 semper
620 2857 847 2956 magnificus
865 2856 1128 2954 triumphator,
1156 2869 1243 2955 post

130 2956 290 3028 luctum
306 2957 565 3032 consolatione
580 2969 745 3057 recepta
766 2983 851 3032 cum
865 2959 981 3032 fratre
992 2981 1060 3030 suo
1073 2968 1241 3032 veterem

147 3056 465 3131 necessitudinem
485 3082 582 3130 nova
596 3060 867 3132 consuetudine
886 3059 1022 3154 iunxit·
1043 3058 1240 3133 Coloniam
1270 3091 1331 3150 956

147 3157 250 3231 venit
235 3156 362 3252 t25ibi
383 3181 424 3236 se
443 3183 518 3230 non
537 3168 615 3230 tam
635 3160 811 3232 fraternis
837 3158 993 3254 deliciisa
1022 3184 1135 3255 quam
1162 3184 1242 3232 mu·
1256 3163 1342 3236 April.

147 3257 326 3331 tuiscum
345 3258 409 3330 illo
427 3259 653 3358 aspectibus
674 3259 863 3355 affatibuS‚
879 3269 915 3333 et
931 3259 1075 3330 cunctis
1090 3260 1241 3332 omnino

146 3359 428 3432 iucundissimis
457 3360 586 3433 usibus
606 3359 818 3432 oblectavit.
870 3360 947 3433 Nec
967 3358 1085 3432 deluit
1102 3359 1241 3433 ibidem

148 3483 281 3532 severa
298 3459 336 3531 in
356 3461 548 3558 improbos
569 3470 606 3534 et
631 3459 868 3574 importunos
895 3459 994 3533 cives
1023 3459 1149 3556 regni
1159 3485 1242 3534 cen-

148 3583 235 3632 sura
263 3559 410 3656 iudicii
442 3562 578 3634 blanda
605 3561 697 3634 item
724 3560 761 3632 in
793 3563 913 3633 bonos
946 3571 983 3634 et
1013 3559 1124 3633 mites
1156 3561 1241 3661 piae

149 3659 328 3737 dominat'
303 3660 415 3732 tronis
442 3661 657 3737 liberalitas
710 3660 766 3735 De
794 3671 894 3733 statu
921 3660 1029 3760 regni
1056 3663 1241 3776 rebusque

150 3761 229 3834 eius
256 3771 315 3833 tut
300 3755 422 3834 tendis
451 3772 488 3836 et
521 3761 718 3835 dilatandis
751 3761 882 3834 sedulo
920 3772 958 3835 et
992 3771 1171 3837 strennue
1204 3763 1241 3835 in

150 3885 350 3936 commune
378 3863 605 3960 consultum,
634 3873 673 3934 ut
699 3863 745 3936 de
772 3861 982 3936 sanciendis
1003 3863 1242 3961 quibuslibet,

150 3961 232 4036 aliis
259 3963 488 4077 resecandis,
517 3973 603 4038 caut
588 3963 734 4037 tissime
763 3973 951 4061 ageretur,
979 3986 1129 4035 summo
1159 3987 1242 4035 con·

149 4062 232 4135 silio
254 4063 447 4161 provisum
466 4073 544 4139 est.

226 4165 283 4236 37.
320 4165 515 4252 Quaesivit
552 4157 696 4240 interea
736 4186 883 4259 summa
924 4161 1117 4260 diligentia
1156 4163 1241 4262 pius

151 4288 175 4358 1)
197 4288 230 4345 cl.
249 4290 364 4346 widuk.
384 4291 434 4358 111,
453 4291 498 4349 57.
572 4292 599 4366 2)
621 4291 657 4349 cl.
677 4288 757 4346 Gont.
777 4289 876 4360 Regin.
897 4308 921 4347 a.
941 4290 1004 4348 956.
