3146 5012
439 413 446 420 ’
487 447 596 519 vrrs
621 445 872 521 snononls.
1178 447 1223 520 21

134 671 213 746 que,
237 641 360 735 'frater
377 652 427 721 mi
433 705 445 744 ,
463 652 551 742 scio,
576 647 675 745 quod
692 671 796 721 nemo
810 646 1028 741 prudentiae
1047 654 1130 720 luae
1143 671 1225 740 per·
1254 660 1319 724 953ί

133 747 313 844 suadebit,
339 748 378 822 id
396 758 462 822 tna
487 773 561 822 non
587 751 769 843 interesse,
803 755 979 845 quantum
993 751 1155 843 perversi
1182 747 1226 821 de
1247 732 1321 805 5⁰⁹²·

23 893 24 900 κ
135 850 314 923 bonorum
328 853 482 944 pernitie
498 849 710 945 plorienlur,
738 871 964 946 quacumque
987 846 1027 919 id
1050 848 1150 945 quod
1165 846 1226 944 {in-

136 950 314 1024 tenderint
337 951 523 1025 honestate
548 950 740 1023 verborum
767 949 891 1024 uelent.
935 947 1066 1022 Dicent
1088 951 1227 1037 fortas·

135 1075 184 1146 se,
203 1049 304 1124 bellis
321 1051 411 1124 laec
437 1050 604 1124 sedanda
631 1074 724 1144 esse,
761 1073 854 1146 puae
882 1047 933 1121 ad
960 1056 993 1121 tc
1018 1073 1092 1122 non
1116 1052 1226 1144 perti·

135 1159 262 1246 neunt,
299 1175 392 1248 quae
419 1155 473 1223 lui
500 1153 697 1244 minustcrii
724 1149 937 1246 dipnitatem
964 1173 1037 1223 non
1063 1146 1224 1222 deceant.

23 1331 26 1336 ,
135 1250 357 1324 Huiusmodi
374 1251 616 1338 fraudulenla
633 1248 826 1324 verborum
839 1253 1020 1324 iactantia
1035 1252 1138 1325 istius
1157 1275 1227 1324 me·

137 1351 291 1447 tropolis
304 1352 459 1446 praesul
468 1351 493 1447 ¹,
511 1351 623 1446 vides,
641 1359 801 1448 quantos
819 1351 975 1446 seducit,
1001 1359 1157 1448 quantos
1176 1349 1227 1423 ad

23 1519 25 1522 .
137 1451 251 1526 ciuilis
270 1452 388 1526 cladis
413 1452 550 1525 rabiem
579 1453 713 1546 illexit,
742 1455 803 1549 qui
821 1455 853 1525 si
869 1449 1069 1525 subducere
1095 1476 1133 1525 se
1156 1452 1226 1524 oel-

135 1554 185 1626 let
209 1577 232 1624 a
259 1552 493 1648 dissensione,
520 1551 826 1650 quemadmodum
851 1555 965 1648 finpit,
994 1560 1029 1626 cl
1051 1552 1227 1626 bellorum

131 1653 317 1749 periculo,
351 1661 395 1727 ut
428 1653 598 1748 relipioso
634 1653 761 1748 clepere
791 1654 919 1747 poss'el
944 1655 980 1724 in
1008 1657 1095 1748 otio,
1123 1653 1226 1727 nobis

23 1845 25 1852 Ι
131 1757 301 1848 profecto
336 1761 369 1827 el
393 1760 544 1826 nostrae
569 1756 622 1826 rei
644 1752 813 1848 publicae
839 1753 966 1826 melius
992 1753 1043 1848 id,
1069 1753 1227 1851 quodj‘ei

23 1853 24 1858 ’
136 1854 253 1950 repuli
270 1858 516 1944 munificentia
535 1855 765 1950 contulimus,
791 1853 1012 1928 reddidisset
1036 1878 1147 1951 quam
1164 1855 1226 1932 llo·

23 1987 24 1990 *
137 1954 263 2029 stibus.
313 1956 447 2029 Hostes
473 1955 568 2051 dico,
595 1962 638 2027 ut
661 1957 739 2043 fere
757 1979 880 2028 omnes
898 1957 1065 2050 sentiunt,
1090 1959 1227 2042 nefari-

23 2129 25 2132 .
138 2079 180 2128 os
207 2058 338 2128 ciuium
360 2055 595 2151 praedones,
610 2059 758 2149 patriae
779 2054 1011 2151 proditores,
1037 2058 1139 2152 repni
1163 2080 1227 2159 ua·

23 2193 25 2198 v
135 2159 314 2251 statores,
341 2156 491 2228 militiae
518 2154 738 2251 desertores,
778 2159 839 2254 qni
870 2180 926 2228 me
958 2159 1076 2252 ipsum
1108 2160 1228 2253 utique

137 2255 319 2353 sacrilepa
338 2256 496 2330 audatia
515 2257 744 2352 saecum,
771 2254 940 2330 manibus
957 2264 1135 2353 necatum,
1162 2265 1230 2330 aut

137 2360 264 2454 quouis
277 2381 388 2454 quam
403 2357 637 2431 acerbissimo
652 2360 782 2431 mortis
791 2381 918 2453 penore
927 2362 1066 2451 perisse
1080 2358 1228 2452 vellent,

138 2460 197 2530 cui
223 2458 335 2546 filium
363 2458 599 2554 sustulerunt,
626 2462 781 2545 fratrem
809 2483 940 2555 repno,
966 2458 1105 2553 liberis,
1131 2463 1228 2553 ipsa·

138 2581 205 2654 quc
223 2556 322 2631 dulci
339 2559 523 2654 contupe2,
541 2563 617 2632 cita
635 2558 786 2656 denique
804 2561 885 2654 ipsa
909 2563 1064 2658 prioara
1088 2567 1230 2632 conten-

138 2658 239 2731 dunt.
284 2659 335 2732 Tu
362 2659 463 2733 solus
490 2659 577 2731 milei
603 2658 747 2732 demum
773 2683 810 2732 es
834 2659 1004 2754 solidum,
1031 2659 1145 2748 fidum
1170 2665 1230 2748 fir·

137 2770 305 2856 mumque
330 2758 517 2855 solatium,
544 2763 605 2856 qui
631 2767 773 2832 tantum
805 2759 851 2831 ab
878 2763 1021 2832 ineunte
1047 2767 1167 2832 aetate
1193 2765 1230 2832 in

118 2941 121 2946 Α
139 2860 243 2933 bonis
270 2859 413 2933 actibus
426 2862 631 2955 profecisti,
659 2868 702 2933 ul
719 2860 928 2946 benefacere
945 2883 1158 2956 summaque
1176 2860 1230 2933 di·
1287 2927 1288 2930 ,

23 3051 24 3054 ¹
138 2959 287 3055 lipentia
314 2963 437 3033 omnia
465 2965 739 3055 circumspicere
766 2961 830 3033 tibi
864 2963 938 3033 iam
966 2984 1009 3033 ec
1041 2969 1191 3035 consuet
1216 3003 1230 3016 ·

139 3059 221 3133 dine
239 3063 276 3133 in
294 3068 469 3133 naturam
486 3065 630 3135 venerit.
673 3063 718 3135 Te
732 3061 842 3156 plane
859 3063 994 3157 sospite
1019 3064 1051 3133 si
1075 3062 1231 3136 iucunde

23 3201 25 3204 ·
139 3159 174 3234 ct
198 3184 241 3234 ec
268 3162 408 3256 inlepro
435 3165 571 3248 fruitus
589 3165 708 3259 fuero,
733 3170 777 3234 ut
792 3185 891 3234 mens
910 3186 990 3234 mea
1009 3187 1148 3256 semper
1164 3165 1229 3248 tlo-

137 3263 249 3357 pitat,
283 3260 501 3335 desiderium
531 3262 720 3357 postulat,
745 3265 900 3334 unimus
920 3262 1114 3355 implorat:
1154 3270 1231 3335 tum

139 3360 313 3459 dipnitas,
341 3369 417 3462 tum
442 3362 585 3458 plocio,
621 3369 697 3436 lum
724 3361 834 3436 decus
865 3362 1020 3436 aderit..
1049 3363 1230 3437 Praesidii

138 3465 230 3534 sotis
255 3461 493 3561 habundeque
525 3461 629 3538 nobis
656 3471 728 3557 est,
760 3489 804 3536 nc
830 3462 934 3537 nobis
958 3486 1026 3535 nos
1053 3462 1232 3538 desimus!

137 3563 220 3634 Hoc
245 3586 330 3636 ocro
357 3588 582 3657 summopere
600 3562 806 3638 curandum
825 3569 887 3637 est.
926 3564 977 3636 Tu
994 3564 1092 3658 milei,
1122 3571 1161 3637 tu
1179 3569 1230 3639 in-

123 3660 251 3759 ¹quam
270 3665 383 3755 testis,
412 3671 551 3761 quanta
570 3689 662 3738 cura
680 3672 889 3762 quantoque
916 3661 1155 3738 benivolentia
1173 3670 1231 3753 fo·
1274 3690 1280 3698 ·

138 3788 278 3859 cerem,
314 3771 453 3860 tuerer,
490 3765 724 3860 amplecterer
763 3764 849 3859 bos,
886 3789 976 3861 quos
1011 3765 1121 3840 modo
1155 3774 1230 3841 tam

62 3951 66 3960 p
140 3863 304 3939 crudeles
324 3869 463 3960 patior,
491 3867 619 3962 quibus
646 3875 766 3940 lamen
792 3863 915 3940 adhuc
939 3889 1051 3963 quam
1075 3866 1232 3942 libentis·

31 4003 43 4024 x
139 3967 228 4037 sime
252 3965 389 4039 mederi
413 3966 556 4062 uellem,
584 3969 616 4041 si
642 3968 711 4040 sibi
737 3970 806 4062 ipsi
827 3990 982 4062 parcere
1006 3967 1142 4041 uellent.
1178 3967 1232 4040 An

140 4074 282 4163 quanto
299 4069 575 4162 importunitate
588 4070 810 4163 praccipites
829 4070 949 4162 perire
975 4069 1161 4162 festinant,
1180 4092 1232 4143 sc·

59 4197 62 4204 ¹
138 4189 291 4263 ,cumque
303 4169 448 4262 prolem
473 4192 591 4242 meam
611 4171 819 4243 innocenter
837 4167 1029 4240 educatum
1052 4172 1090 4242 in
1108 4171 1232 4244 omniu

217 4301 240 4374 1)
260 4301 412 4360 Fridericus
430 4303 622 4376 Mogunlinus.'
693 4302 719 4377 2)
741 4304 775 4359 cl.
795 4305 909 4363 widuk.
930 4305 979 4362 ΙΙΙ.
998 4307 1043 4363 20.
