3146 5012
345 467 394 538 as
593 553 594 558 Ν
768 462 1010 536 nuorcnm

347 675 475 763 pastor
502 664 648 760 Bruno,
676 664 844 738 veritatis
873 673 1057 776 assertor,
1090 665 1276 777 euangelii
1305 689 1439 764 propa·

347 777 468 862 gator,
496 784 613 838 navos
642 775 679 838 et
696 764 902 837 industrios
921 765 1034 860 viroS,
1063 764 1224 861 quirem
1249 765 1438 864 publicam

347 889 426 937 suo
443 865 600 963 quisque
634 865 716 938 loco
753 863 826 938 lide
863 874 900 938 et
932 864 1070 938 viribus
1106 877 1334 940 tuerentur.
1371 867 1437 939 His

250 999 254 1008 ·
348 975 389 1038 ut
415 991 536 1062 neque
565 965 763 1039 consilium
791 990 912 1061 neque
939 965 1278 1063 copiaedeessent,
1305 967 1436 1039 sedulo

346 1065 501 1140 curavit.
540 1065 731 1164 Quotquot
751 1065 863 1140 etiam
890 1066 934 1138 de
961 1066 1192 1165 principibus
1212 1078 1249 1140 et
1267 1022 1439 1165 legiona-

347 1167 412 1238 riis
440 1166 639 1264 prioribus,
666 1166 901 1264 caeterisque
929 1190 1088 1262 quorum
1116 1167 1310 1266 dispositio
1330 1167 1438 1266 regui

347 1267 539 1361 intererat,
560 1267 818 1341 saluberrimis
838 1266 916 1340 suis
937 1268 1253 1341 admonitionibus
1274 1269 1318 1340 ad
1339 1293 1438 1340 com·
1504 1347 1507 1354 ,

347 1367 471 1440 munis
491 1371 676 1440 bonorum
696 1367 864 1440 omnium
885 1366 1054 1440 utilitatis
1073 1369 1206 1441 Foedus
1234 1369 1307 1442 fide
1321 1369 1438 1466 'plena

347 1478 630 1564 consenserant,
658 1469 727 1539 hos
748 1469 828 1566 ipse
847 1468 944 1540 inter
962 1492 1133 1541 summos
1161 1480 1198 1543 et
1231 1468 1437 1543 familiares

347 1570 529 1662 habebat,
562 1569 704 1643 eisdem
731 1569 1018 1668 imperatorem,
1056 1594 1278 1666 germanum
1313 1593 1437 1666 suum,
1544 1609 1557 1658 .³

348 1671 518 1768 adprime
537 1669 780 1764 conciliabat,
801 1693 964 1768 pensans
984 1693 1056 1742 non
1075 1679 1219 1744 temere
1238 1672 1437 1769 aquodam

346 1772 516 1868 sapiente
545 1771 703 1842 dictum:
730 1771 876 1866 Bonus,
896 1770 958 1844 obt
984 1770 1172 1867 ueplepus,
1200 1775 1362 1867 sequior,
1397 1777 1440 1843 ut

346 1871 467 1942 mulus
485 1875 527 1961 fit
543 1871 753 1964 improbior.
786 1870 1118 1970 Archiepisoopum
1138 1871 1308 1956 Treveris
1327 1870 1439 1944 Hein-

346 1971 482 2068 ricum,
508 1972 635 2069 magni
663 1971 786 2044 meriti
815 1983 852 2045 et
880 1996 1052 2045 summae
1079 1972 1276 2069 probitatis
1302 1973 1437 2067 virum,

348 2073 409 2169 qui
437 2072 616 2145 liutberto
645 2072 847 2169 magnifico
876 2073 1030 2171 presuli,
1059 2072 1239 2147 Coloniae
1266 2073 1303 2145 in
1332 2071 1438 2170 gravi

345 2172 572 2270 pestilentia,
592 2196 676 2244 cum
693 2184 730 2245 et
743 2173 950 2271 imperator
964 2174 1100 2246 ibidem
1116 2185 1229 2270 esset,
1248 2173 1437 2268 defuncto,

345 2273 557 2370 successit,
576 2272 820 2346 Wilhelmum
850 2299 1018 2370 quoque,
1057 2274 1244 2370 praecluis
1281 2285 1318 2350 et
1353 2297 1438 2370 gra·

346 2373 515 2446 tissimae
561 2375 806 2448 excellentiae
850 2372 1204 2470 archimandritam,
1258 2386 1437 2471 nepotem

346 2498 470 2570 suum,
497 2473 692 2546 Fritlrerici
712 2473 943 2571 Mogontiani
967 2473 1145 2546 antistitis
1165 2497 1437 2570 successorem,

287 2597 288 2600 ’
347 2578 478 2647 ambos
515 2575 711 2687 egregioS,
747 2578 879 2647 ambos
913 2574 950 2649 in
979 2573 1133 2646 Domini·
1157 2575 1243 2688 lege
1271 2575 1437 2672 perfecte

345 2675 561 2771 instructos,
589 2675 808 2773 imperatori
837 2675 890 2748 alt
875 2685 996 2748 terum
1026 2675 1366 2773 consanguinitate,
1386 2675 1438 2746 al·

295 2776 297 2780 ’
346 2786 469 2850 terum
492 2776 691 2873 probitate,
720 2787 919 2890 utrumque
938 2775 1169 2848 familiaritat
1155 2787 1192 2848 te
1211 2775 1437 2847 coniunctis·

347 2878 484 2972 simoS,
509 2877 602 2975 ipse
639 2901 788 2988 quoque
814 2876 984 2973 inprimis
1020 2899 1169 2948 summa
1195 2875 1437 2948 veneratione

347 2979 505 3050 colebat
559 2977 637 3048 Hos
665 2975 779 3073 igitur
806 2976 902 3048 tales
930 2987 1006 3048 tam
1034 2975 1138 3048 illust
1123 2985 1212 3070 tres,
1240 2987 1314 3049 tam
1336 2986 1437 3049 certe

347 3077 539 3176 saprentes
559 3075 760 3172 religiosos
793 3085 830 3148 et
860 3076 896 3147 in
935 3076 1108 3150 omnibus
1146 3076 1254 3150 bonis
1295 3077 1437 3149 artibus

348 3177 515 3252 eruditos
553 3177 653 3248 viros
695 3177 739 3248 ad
776 3176 994 3273 consilium,
1034 3203 1080 3250 ne
1117 3177 1213 3251 forte
1254 3175 1335 3274 ipse
1371 3201 1438 3274 per

349 3303 401 3374 se,
431 3287 471 3349 ut
489 3287 576 3348 sunt
593 3278 770 3372 humana,
796 3303 817 3350 a
843 3277 993 3351 tramite
1012 3278 1181 3351 veritatis
1203 3279 1349 3372 uspiam
1377 3301 1438 3349 ex-

349 3378 541 3474 orbitaret,
567 3377 785 3473 frequenter
810 3379 998 3473 adhibuit,
1026 3380 1095 3451 hos
1116 3403 1202 3451 cum
1222 3377 1304 3475 ipso
1325 3377 1437 3450 sim'ul
1529 3381 1531 3388 ’

349 3503 422 3550 non
451 3479 572 3550 solum
600 3479 637 3550 in
664 3478 826 3552 lectione
855 3479 1010 3553 consilio
1032 3489 1069 3551 et
1088 3478 1352 3575 disputatione,
1381 3487 1438 3551 set

349 3577 462 3652 etiam
490 3578 527 3650 in
555 3578 635 3654 acie
655 3580 835 3676 vidimus,
863 3580 1100 3678 providentes
1129 3581 1227 3651 bona
1254 3604 1327 3651 non
1356 3589 1436 3650 tan·

349 3689 428 3751 tum
456 3696 583 3752 coram
603 3679 697 3776 Deo,
725 3692 783 3754 set
802 3680 915 3754 etiam
936 3703 1063 3751 coram
1083 3679 1308 3752 hominibus.
1349 3679 1439 3750 Erat

348 3804 511 3877 namque
547 3779 584 3851 in
622 3780 915 3855 occidentalibus
942 3779 1132 3853 Lotharioi
1165 3780 1271 3878 regni
1300 3779 1436 3851 linibus

347 3881 452 3954 velut
477 3880 656 3954 indomita
691 3880 903 3978 barbaries,
940 3906 985 3954 ea
1013 3905 1108 3978 quae
1135 3881 1329 3954 videbatur
1357 3905 1439 3952 aec·

348 3981 486 4054 clesiae
515 3983 653 4082 proleS,
688 3983 805 4056 felicit
790 3981 857 4055 tati
884 3981 1053 4056 invidens
1085 3981 1263 4076 alienae,
1274 4004 1344 4053 nec
1369 3980 1438 4052 mi-

347 4106 417 4153 nus
446 4082 557 4154 saluti
586 4108 698 4196 suae,
736 4081 946 4181 despiciens
975 4109 1021 4182 pa
1025 4093 1155 4156 ternae
1181 4067 1437 4154 blandimenta

348 4183 622 4295 exortationis,
635 4194 821 4260 terrorem
839 4184 900 4258 vix
926 4184 1093 4258 sentiens
1121 4182 1332 4280 potestatis.
1365 4180 1437 4268 Qui

348 4282 379 4354 si
407 4282 478 4354 iuri
506 4307 573 4355 suo
599 4287 927 4384 permitterentur,
961 4283 1039 4356 suis
1075 4283 1260 4382 perversi,
1288 4281 1439 4355 sibimet
