3146 5012
315 435 351 507 ’6
755 433 996 508 RUOTGERI
1042 371 1044 376 Ι

232 751 309 808 925?
329 736 439 809 stria:
466 747 576 808 natus
604 761 648 810 eo
676 746 861 834 tempore,
889 761 960 834 quo
983 747 1092 835 pater
1118 737 1197 810 eius
1216 737 1427 811 Heinricus,

326 862 392 911 rex
418 837 620 951 gloriosus⁷
647 837 857 952 perdomita
884 840 1129 911 barbarorum
1156 837 1331 935 saevitia,
1358 864 1415 912 re-

326 961 460 1037 presso
476 937 713 1012 etiamintest
715 939 800 1013 inae
815 939 1122 1037 cladispericulo
1137 939 1259 1012 diruta
1273 964 1412 1053 magno

327 1040 450 1112 studio
470 1037 792 1137 reaedificabate
795 1041 1015 1114 tvolentem
1043 1039 1253 1138 populum
1243 1051 1318 1112 rust
1318 1039 1413 1114 iriae

327 1140 472 1213 frenis
462 1165 500 1211 m
518 1150 575 1212 tut
560 1140 705 1213 tissima
725 1151 762 1214 et
776 1140 1011 1254 optatissima
1026 1142 1177 1216 demum
1197 1166 1289 1239 pace
1308 1166 1415 1239 rege-

328 1244 401 1313 bat.
443 1240 498 1313 lta
523 1241 727 1315 nativitatis
763 1241 843 1315 eius
870 1253 1019 1340 tempus
1047 1242 1123 1314 iam
1157 1243 1264 1338 quasi
1288 1243 1415 1316 futura

327 1345 448 1416 bonae
474 1342 677 1416 voluntatis
706 1342 786 1415 eius
821 1343 982 1439 insignia
1016 1343 1265 1441 praeferebat.
1318 1344 1414 1416 Nam

239 1525 241 1532 ,
327 1467 413 1516 cum
441 1467 552 1516 omne
580 1443 676 1540 quod
705 1446 844 1516 bonum
875 1454 977 1516 esset
1001 1442 1237 1517 vivacissime
1264 1466 1414 1542 semper

326 1553 535 1642 appeteret,
557 1544 661 1641 pacis
681 1544 821 1616 donum
840 1544 944 1642 quasi
962 1544 1232 1619 nutrimentum
1252 1554 1289 1616 et
1307 1568 1416 1617 orna-

326 1656 496 1718 mentum
523 1646 710 1742 quoddam
743 1656 979 1720 caeterorum
1011 1645 1191 1717 virtutum
1217 1643 1413 1717 sollicitius

328 1746 519 1844 expetivit,
547 1747 645 1843 quod
672 1747 779 1818 bonis
799 1746 971 1819 omnibus
990 1747 1229 1844 profuturum
1252 1745 1415 1843 praesci·
1561 1811 1563 1840 ÷

326 1846 388 1918 vit.
424 1847 720 1944 Tranquillitatis
740 1847 839 1920 enim
865 1857 1036 1945 tempore
1063 1847 1196 1919 nutriri
1224 1848 1359 1920 debent
1377 1857 1415 1920 et
1552 1856 1563 1948 t

327 1947 482 2021 solidari
494 1948 663 2042 virtutesJ
678 1959 720 2020 ut
732 1948 1013 2047 perturbatione
1024 1947 1190 2045 qualibet
1203 1947 1413 2046 ingruente,

326 2074 349 2122 a
368 2059 488 2122 status
508 2049 564 2121 sui
582 2048 711 2147 vigore
729 2050 922 2123 hominem
942 2048 1103 2124 emolliri
1122 2074 1202 2121 non
1229 2049 1411 2122 desinant.

391 2149 1412 2249 3.Nimislougumestprosequi7quomodomemoratus

326 2275 404 2347 rex,
422 2261 530 2349 pater
547 2251 659 2324 huius
679 2253 807 2349 magni
820 2253 889 2324 viri
908 2255 952 2325 de
971 2277 1044 2348 quo
1065 2251 1225 2348 agimus³
1245 2251 1291 2321 ad
1309 2250 1414 2323 illam

324 2361 403 2423 tam
422 2362 554 2449 gratae
573 2351 676 2450 pacis
705 2353 948 2426 serenitatem
971 2351 1196 2449 pervenerit,
1222 2375 1307 2423 oum
1333 2351 1413 2449 ipse

325 2452 452 2524 omnia
477 2455 584 2551 regni
603 2452 730 2550 spacia
758 2464 795 2527 et
819 2452 1003 2526 coutinuis
1029 2452 1273 2526 finitimorum
1293 2452 1413 2525 incur-

325 2552 493 2626 sionibus
521 2564 558 2626 et
575 2553 809 2652 gravissimis
827 2555 924 2628 inter
943 2554 1044 2627 cives
1072 2552 1185 2628 etiam
1213 2563 1250 2626 et
1277 2577 1414 2651 cogna-

322 2664 384 2726 tos
412 2653 707 2728 dissensionibus
733 2679 918 2729 concussa
946 2665 984 2729 et
1010 2654 1187 2729 atrociter
1205 2665 1338 2726 vexata
1356 2678 1413 2728 re-

324 2755 474 2853 pererit.
528 2755 695 2830 Hinct
658 2759 798 2830 etenim
832 2781 945 2831 saeva
972 2756 1164 2828 Dauorum
1192 2777 1285 2852 gens
1311 2765 1413 2828 terra

324 2857 494 2954 marique
509 2868 656 2956 potem,
673 2857 759 2932 inde
774 2857 948 2931 centifida
959 2855 1181 2929 Sclavorum
1193 2854 1317 2928 rabies
1331 2849 1414 2928 bar·

326 2960 504 3030 barorum
522 2959 698 3032 frendens
717 2957 920 3030 inhorruit·
911 2957 1154 3070 ,Ungrorum
1168 2956 1411 3030 nihilominus
1431 3043 1433 3049 Ι

322 3056 495 3132 insecuta
522 3058 736 3156 crudelitas,
763 3070 1001 3156 transgressa
1018 3058 1200 3134 terminos
1218 3057 1414 3130 Marahen·

325 3157 442 3231 sium
479 3183 574 3256 quos
601 3159 671 3231 sibi
698 3181 773 3232 non
799 3160 913 3332 longte
947 3169 1034 3232 ante
1067 3159 1183 3272 impia
1216 3157 1414 3255 usurpavit

324 3259 488 3374 licentia⁷
515 3260 715 3359 plerasque
751 3261 955 3374 provintias
989 3260 1095 3358 regni
1131 3259 1210 3332 eius
1242 3258 1342 3340 ferro
1376 3268 1414 3331 et

325 3360 413 3459 igne
427 3361 539 3534 longe
552 3363 704 3475 lateque
719 3363 891 3435 vastavit
928 3361 1016 3436 Dies
1036 3371 1135 3457 ante,
1163 3383 1275 3456 quam
1300 3357 1412 3430 huius

325 3462 416 3534 mali
434 3473 513 3536 mat
515 3462 611 3537 eries
629 3463 804 3535 narrandi
818 3462 1005 3538 deficeret.
1037 3461 1155 3534 Trans
1170 3461 1339 3534 Hrenum
1354 3484 1414 3533 oc-

326 3561 512 3636 cidentem
531 3587 662 3637 versus
681 3564 788 3638 nobis
808 3564 933 3638 omnia
951 3561 1230 3677 rebellabant,
1221 3561 1293 3659 ipsi
1312 3571 1413 3635 certe

325 3664 432 3761 regni
460 3664 581 3737 adhuc
609 3665 758 3763 angusti
785 3665 973 3764 principes
1000 3664 1038 3738 in
1065 3687 1135 3737 sua
1151 3662 1298 3737 viscera
1315 3686 1413 3760 pene

325 3763 657 3846 inremediabiliter
683 3765 920 3863 saeviebant3
947 3790 1042 3880 quae
1070 3763 1195 3837 omnia
1227 3763 1288 3836 vel
1314 3785 1414 3835 rese·

325 3890 414 3939 care
432 3866 493 3940 vel
519 3890 654 3940 sanare
681 3891 792 3941 nemo
819 3867 891 3941 nisi
908 3866 1111 3965 praecipua
1129 3865 1265 3938 virtute
1285 3872 1322 3939 et
1340 3862 1414 3934 sin·

326 3967 449 4065 gulari
466 3968 658 4082 praeditus
677 3968 860 4042 industria
877 3978 1017 4067 posset.
992 3967 1126 4042 tSet
1143 3977 1229 4080 post
1247 3963 1415 4061 aliquan·
1479 3984 1481 3988 ·

323 4069 447 4142 tulum
472 4069 654 4168 temporis
680 4079 806 4143 tautus
832 4069 945 4143 timor
971 4067 1224 4180 pergratiam
1251 4064 1414 4138 divinam

325 4169 463 4242 invasit
488 4180 700 4266 extraneos,
727 4182 769 4245 ut
785 4171 878 4244 nibil
897 4194 1077 4268 umquam
1095 4167 1149 4241 eis
1169 4177 1269 4240 esset
1286 4167 1415 4239 formi-

325 4269 504 4367 dabilius·
523 4283 649 4346 tantus
668 4297 776 4346 amor
794 4271 985 4371 colligavit
1003 4269 1161 4344 domest
1135 4279 1303 4368 ῐιιῐιοοε7
1263 4267 1414 4343 utnihil

1555 269 1563 325 t

1559 347 1563 375 l

1559 396 1562 455 l

1560 567 1563 610 l

328 634 463 708 artium
491 635 628 733 gloria,
656 646 693 709 et
719 635 922 734 omnigena
950 635 1065 709 animi
1083 638 1286 734 superabat
1310 636 1415 710 indu·
1560 613 1563 766 l

1559 1055 1563 1098 l
