3146 5012
347 448 391 521 12
769 445 1010 521 RUOTGDRI

342 648 448 722 locus
468 672 600 744 regum
628 645 885 722 munificentia
905 649 1065 745 nobilis',
1091 650 1213 722 adbuc
1231 649 1269 722 in
1287 673 1430 722 memo·

342 749 437 822 riam
455 749 548 821 tanti
566 748 635 822 viri
653 748 817 822 retinens
837 759 875 822 et
901 750 1202 850 praerogativam
1221 748 1427 824 libertatis¹

341 860 379 922 et
399 849 628 922 monimenta
648 848 851 949 religionis.
889 850 1031 925 Deinde
1051 876 1134 925 curn
1163 852 1209 926 de
1234 851 1372 925 virtute
1390 851 1427 923 in

340 949 517 1023 virtutem
536 948 740 1048 gigantem,
768 962 808 1023 ut
834 951 884 1024 ita
913 952 1047 1050 dicam,
1075 952 1247 1050 passibus
1272 952 1363 1045 iret,
1391 962 1428 1025 et

341 1075 577 1147 quocumque
603 1050 738 1148 pedem
773 1050 947 1148 intendit,
983 1077 1133 1151 semper
1164 1054 1201 1126 in
1235 1055 1427 1126 voluntate

340 1151 491 1225 Domini
504 1150 718 1247 proliceret,
737 1163 820 1224 orta
834 1153 915 1226 est²
929 1154 1051 1226 subita
1065 1164 1271 1253 tempestas
1287 1153 1428 1227 dissen-

247 1270 313 1328 953.
341 1252 459 1325 sionis
485 1253 522 1324 in
551 1251 747 1348 aecclesia,
774 1253 984 1328 dormiente
1011 1255 1122 1330 credo
1142 1255 1282 1329 lesuin
1302 1265 1428 1353 pecto-

340 1354 441 1427 ribus
474 1353 631 1451 vigilum
664 1363 750 1426 ante
785 1355 886 1428 fores
906 1357 1055 1428 domus
1081 1355 1232 1429 Domini
1266 1359 1428 1430 exuban·

339 1455 452 1550 tium5
479 1454 529 1526 ita
549 1464 588 1526 ut
611 1453 760 1551 quidam
775 1453 965 1530 Sathenae
984 1457 1090 1554 socii,
1108 1456 1267 1531 invidiae
1294 1455 1424 1556 spiritu

340 1555 502 1648 distenti,
528 1554 796 1654 imperatorem
824 1555 961 1654 ipsum,
988 1583 1055 1655 per
1080 1583 1190 1656 quem
1210 1558 1320 1647 *salus
1346 1566 1426 1632 erat

339 1657 376 1729 in
395 1657 547 1754 populo,
574 1656 749 1730 videlicet
766 1657 894 1730 lumen
914 1659 1013 1731 orbis
1032 1669 1168 1755 terrae,
1200 1656 1426 1731 conarentur

340 1758 569 1856 extinguere.
623 1757 749 1846 Quare
775 1758 868 1854 hoc,
902 1759 974 1831 nisi
1000 1770 1040 1832 ut
1074 1785 1149 1833 non
1177 1769 1425 1858 arguerentur

340 1883 472 1933 eorum
491 1859 591 1931 mala
610 1859 752 1957 operat
770 1859 863 1930 Nam
882 1869 979 1934 teste
995 1859 1236 1957 euangelica³
1254 1860 1425 1956 veritate,

338 1961 457 2032 omnis
474 1963 536 2056 put
560 1959 654 2031 male
672 1959 860 2055 apitpodit
875 1960 1000 2034 lucem.
1037 1962 1194 2034 Cassato
1220 1961 1334 2058 igitur
1359 1986 1426 2058 per

340 2060 408 2133 Dei
428 2060 709 2134 miserationem
728 2062 800 2133 boc
818 2087 885 2160 per
899 2063 1155 2160 serpentinum
1170 2062 1320 2135 sibilum
1339 2086 1425 2134 con·

338 2171 448 2261 cepto
469 2161 638 2256 consilio,
663 2162 853 2258 nequitiae
872 2187 964 2237 suae
979 2163 1080 2236 virus
1095 2189 1164 2262 per
1177 2162 1298 2236 tocius
1317 2162 1424 2260 regni

339 2262 420 2336 eius
434 2264 579 2335 viscera
599 2262 836 2336 diffuderunt.
869 2263 976 2350 Quod
991 2265 1079 2338 licet
1093 2263 1230 2361 ubique
1245 2273 1282 2336 et
1293 2263 1422 2360 legum

339 2361 544 2436 minaretur
562 2361 751 2436 silentium
772 2373 809 2436 et
827 2364 946 2461 plebis
964 2390 1032 2462 per
1051 2365 1185 2439 caedes
1217 2375 1254 2439 et
1271 2364 1423 2461 rapinas

337 2463 541 2560 interitum,
569 2487 754 2561 nusquam
780 2474 905 2538 tamen
933 2466 1096 2541 ferocius
1124 2490 1237 2563 quam
1263 2465 1300 2537 in
1328 2464 1424 2538 occi·

337 2564 457 2638 dentis
477 2565 644 2663 partibus
664 2567 869 2640 aestuabat.
906 2565 959 2638 lbi
978 2567 1167 2666 principes
1194 2567 1230 2640 vi
1256 2577 1293 2639 et
1316 2575 1422 2663 rapto

338 2665 498 2768 assueti7
532 2666 660 2764 populi
694 2691 821 2740 rerum
857 2692 1040 2742 novarum
1077 2667 1218 2766 cupidi,
1254 2666 1422 2739 civilibus

337 2790 466 2840 omnes
495 2767 660 2840 cladibus
688 2767 832 2864 intenti,
859 2768 1018 2841 aliorum
1050 2769 1233 2842 ditescere
1259 2766 1421 2839 miseriis

335 2871 614 2967 praeoptabant.

416 2974 469 3040 11.
499 2968 602 3041 Tunc
628 2979 781 3042 sanctae
801 2967 1035 3043 Coloniensis
1061 2967 1269 3043 aecclesiae
1292 2979 1422 3065 pastor

335 3067 536 3142 Wiclridus
551 3069 612 3140 diu
628 3070 828 3141 admodum
843 3070 1052 3165 imbecillis7
1067 3070 1194 3169 regiae
1208 3079 1335 3142 tamen
1346 3092 1423 3140 ma·
1536 3107 1539 3114 v

296 3234 303 3248 .
335 3169 458 3242 iestati
478 3179 515 3242 et
541 3169 684 3267 patriae
712 3169 803 3242 satis
830 3169 946 3268 lidus,
974 3173 1085 3246 fessis
1109 3172 1259 3244 tandem
1279 3167 1420 3242 relictis

281 3308 288 3324 ·
335 3281 458 3344 terrae
470 3273 636 3368 artubus⁷
651 3271 821 3369 supernis
835 3271 1026 3369 spiritibus
1041 3271 1206 3347 sociatus
1217 3280 1284 3343 est.
1313 3270 1420 3341 Plebs
1456 3344 1463 3355 ‚

336 3383 461 3444 autern
490 3371 666 3444 destituta
692 3382 856 3469 pastore,
884 3373 921 3444 in
948 3373 1027 3471 ipsa
1048 3371 1269 3446 confusione
1288 3370 1338 3442 nil
1358 3395 1420 3442 an·

336 3497 425 3569 ceps
453 3473 505 3544 nil
531 3472 676 3546 varium
703 3472 846 3568 molita,
874 3473 1026 3546 unicum
1049 3473 1157 3566 unice
1185 3481 1355 3569 optatum
1382 3471 1419 3542 in

335 3574 471 3646 domno
497 3572 925 3672 Brunone7magnifico
960 3575 1038 3648 viro
1072 3585 1109 3646 et
1140 3571 1419 3672 probatissimo,

334 3673 404 3746 sibi
431 3672 572 3771 delegit
598 3673 795 3770 solatium‚
830 3686 959 3748 secuta
986 3685 1207 3773 magnatum
1234 3684 1272 3747 et
1297 3671 1418 3745 tocius

334 3774 424 3848 cleri
445 3774 651 3846 consilium.
705 3773 776 3861 Qui
809 3773 846 3846 in
881 3775 1033 3852 iuvenili
1069 3800 1226 3873 corpore
1253 3773 1418 3845 moribus

334 3885 516 3970 maturus7
535 3875 571 3946 in
587 3873 969 3948 maximonobilitatis
983 3878 1082 3950 fastu
1096 3875 1250 3949 humilis
1265 3885 1303 3947 et
1315 3898 1418 3946 man·

311 3988 463 4050 ,suetus
492 3986 589 4070 erat3
617 3976 655 4049 in
682 3974 910 4050 sublimitate
929 3977 1157 4076 sapientiam
1191 3999 1303 4074 quarn
1336 3998 1418 4072 per·

334 4078 450 4178 cepit,
486 4103 559 4150 non
586 4078 670 4177 plus
697 4101 831 4175 sapere
854 4103 966 4175 quam
994 4089 1143 4178 oportet
1170 4100 1324 4175 sapere,
1360 4086 1418 4149 set

406 4231 424 4303 'J
444 4230 557 4286 Lorscb.
597 4233 621 4304 l)
649 4252 673 4288 a.
696 4234 757 4287 956.
781 4234 824 4287 ius
847 4234 946 4288 liberae
976 4233 1116 4287 electionis
1144 4232 1278 4286 redditum
1307 4233 1418 4304 accepit.

334 4303 411 4359 Cont.
430 4304 590 4375 Reginonis.
646 4307 672 4378 2)
694 4308 728 4361 cl.
747 4306 908 4362 Widulrind.
928 4305 977 4370 lll‚
999 4306 1114 4373 ra-rr.
1134 4304 1193 4361 lob.
1213 4305 1239 4370 3,
1258 4306 1303 4360 20.
