3146 5012
312 459 358 530 18
729 453 972 529 RUOTGERI

224 670 286 727 953.
313 654 396 753 pio,
424 655 463 729 in
499 653 704 730 novissimo
738 657 999 732 benedictione
1026 669 1182 732 careret.
1220 658 1407 757 Egregius

217 742 405 856 se1¹²·ergo
434 767 475 828 ut
501 757 635 855 plenus
662 756 819 854 consilii,
847 759 995 831 futurus
1023 768 1061 832 et
1079 759 1156 832 iarn
1174 759 1408 858 designatus7
1494 785 1495 790 ¹

314 869 356 930 ut
373 858 547 954 diximus,
571 858 748 930 sacerdos
766 857 931 955 Domini,
959 859 1090 933 dolens
1117 860 1163 933 de
1191 869 1408 957 contemptu

313 958 462 1056 scenio,
496 959 541 1033 de
577 957 729 1031 interitu
759 958 927 1057 nepotiS,
963 962 1124 1033 eundem
1150 970 1307 1059 accepta
1333 961 1408 1034 fide

313 1083 383 1158 per
410 1058 560 1133 obsides
587 1059 624 1131 in
659 1069 783 1132 castra
816 1059 967 1133 beluino
1004 1060 1129 1134 animo
1156 1059 1407 1156 venientem,

315 1161 492 1235 eductum
520 1170 561 1232 ut
587 1161 712 1233 ferunt
731 1162 777 1234 de
803 1162 923 1257 turba,
951 1184 1123 1234 seorsum
1151 1162 1202 1234 ita
1222 1162 1407 1235 allocutus

315 1272 392 1335 est:
419 1259 565 1355 Nescis,
601 1264 768 1333 iuvenum
796 1265 955 1334 omnium
982 1285 1074 1358 quos
1101 1269 1200 1335 terra
1226 1263 1311 1334 tulit
1335 1262 1409 1334 clu·

315 1363 470 1456 rissime,
497 1368 675 1458 quantum
701 1360 765 1432 tibi
791 1363 933 1458 tuisque
954 1364 1155 1458 profueris,
1183 1364 1215 1434 si
1232 1366 1409 1434 ammoni-

316 1464 425 1536 tionis
451 1485 552 1535 meae
577 1461 687 1533 verbu
714 1464 751 1533 in
770 1459 935 1554 pectoris
967 1464 1021 1533 tui
1046 1469 1186 1535 secreta
1211 1462 1407 1535 demiseris,

316 1563 367 1634 Tu
385 1585 540 1659 namque
565 1565 729 1634 marimo
754 1562 1011 1658 pluriosissimi
1030 1566 1154 1656 putris
1180 1568 1234 1635 tui
1260 1586 1351 1635 cura
1377 1569 1412 1634 et

314 1669 443 1736 nostra
461 1662 594 1759 pluria,
618 1661 706 1759 quid
729 1659 834 1735 nodis
858 1661 1292 1761 sperandumreiinquis,
1319 1666 1351 1735 si
1376 1670 1409 1736 te
1495 1717 1503 1722 -
1545 1661 1546 1666 ’

315 1767 434 1857 ipsum
451 1767 586 1836 nostris
604 1765 697 1835 uotis
716 1761 921 1836 ademeris?
947 1763 1031 1837 Non
1054 1767 1204 1858 respicis
1225 1765 1409 1836 honoran-

316 1863 405 1935 dum
425 1867 482 1959 pii
506 1865 679 1959 penitoris
698 1866 753 1934 tui
777 1865 958 1959 canitiem,
987 1888 1092 1960 quem
1122 1872 1155 1937 te
1182 1867 1407 1958 contristari,

316 1967 375 2037 cui
393 1971 425 2036 te
442 1967 617 2037 iniuriam
635 1967 771 2050 inferre
796 1989 871 2039 non
897 1964 1064 2058 cupedit?
1089 1965 1173 2038 Non
1199 1964 1410 2039 recordaris

317 2068 393 2138 eius
424 2073 621 2159 paternam
652 2088 741 2161 erpa
776 2072 810 2137 te
844 2089 984 2159 semper
1019 2089 1043 2137 a
1064 2089 1181 2160 puero
1214 2065 1410 2160 pictatem?
1439 2138 1442 2143 ,
1546 2127 1547 2132 ,

272 2248 274 2252 ,
315 2165 441 2260 Deum,
469 2164 698 2259 mihicrede,
727 2164 897 2261 offendis,
925 2189 1006 2238 cum
1020 2173 1167 2258 patrem
1198 2168 1408 2239 contemnis

315 2265 398 2338 Non
425 2265 603 2363 estquod
628 2273 661 2338 te
688 2288 845 2338 eccuses.
882 2265 938 2338 Ad
956 2268 1130 2339 iniurium
1157 2271 1234 2340 eius
1251 2269 1408 2360 respicit,

315 2365 487 2463 quicquid
504 2389 638 2439 nouum
656 2373 787 2438 contra
811 2366 880 2451 linc
906 2390 1057 2463 repnum
1086 2366 1222 2462 ubsque
1249 2370 1325 2440 eius
1349 2391 1409 2440 vo·

316 2467 456 2540 luntate
473 2467 624 2540 moliris,
663 2467 822 2538 Causam
848 2474 949 2539 tuam
975 2473 1115 2541 tractus
1142 2492 1223 2539 cum
1254 2469 1410 2540 inimicis
1520 2509 1521 2512 =

316 2571 415 2663 tuis‚·
435 2591 506 2664 quo
533 2572 664 2640 contra
691 2565 813 2639 decuit
834 2591 916 2638 cum
941 2570 1081 2640 amicis.
1132 2567 1193 2640 Illi
1218 2573 1309 2640 enim
1337 2592 1409 2641 non

318 2676 362 2763 te,
381 2675 438 2741 set
461 2692 554 2764 quae
580 2691 651 2739 suu
669 2674 764 2763 sunt,
791 2675 971 2764 quaerunt
988 2672 1025 2740 in
1054 2676 1109 2763 te‚·
1135 2668 1290 2742 salutem
1308 2675 1410 2741 tuum

312 2771 424 2864 puroi
455 2768 641 2863 pendunt3
675 2768 793 2842 cerdis
830 2771 974 2863 omnia,
1005 2793 1079 2843 non
1112 2792 1235 2842 rerum
1261 2773 1410 2842 veritate

317 2873 527 2943 metiuntur.
587 2868 687 2964 Vide,
714 2892 867 2965 quaeso,
894 2893 966 2965 quo
996 2876 1029 2941 te
1065 2867 1219 2967 ducant,
1246 2894 1289 2942 ne
1315 2873 1411 2956 forte

316 2969 506 3044 seducant.
562 2969 630 3059 Qui
656 2992 739 3041 eras
764 2968 943 3063 paudium
969 2977 1004 3043 et
1028 2994 1168 3044 corona
1198 2973 1321 3065 putris
1346 2972 1410 3064 tui,

315 3094 397 3166 spes
424 3077 460 3142 et
482 3069 674 3142 oblectatio
702 3073 819 3142 tocius
850 3073 971 3166 repni,
1007 3071 1190 3167 quomodo
1218 3093 1411 3144 conversus

318 3197 354 3244 es
381 3174 418 3244 in
444 3168 754 3243 amaritudinem?
803 3169 934 3244 Desine
960 3170 1108 3244 tandem
1135 3197 1211 3246 esse
1236 3171 1409 3262 Adselon,

237 3285 239 3290 “
317 3279 360 3344 ut
387 3273 512 3366 possis
546 3294 622 3345 esse
661 3269 844 3345 Sulemon.
909 3273 1058 3368 Capita,
1095 3277 1176 3369 quis
1209 3279 1242 3344 te
1269 3279 1412 3344 tuntum

318 3373 546 3467 exultaverit,
569 3375 651 3469 quis
669 3395 792 3444 omnes
811 3375 913 3467 repni
929 3372 1038 3445 huius
1060 3376 1243 3465 principes
1270 3371 1334 3445 tibi
1352 3395 1410 3443 sa·

319 3481 589 3546 crementorum
607 3470 679 3562 fide
696 3475 905 3562 firmaverit:
941 3473 1061 3563 Quare
1078 3472 1146 3545 hoc
1163 3473 1275 3560 fecit?
1300 3472 1412 3545 Num·

318 3562 407 3669 quid
424 3580 464 3645 ut
482 3577 652 3668 inpratus
670 3573 831 3646 cristas?
864 3570 1049 3669 Numquid
1075 3580 1118 3646 ut
1139 3573 1310 3668 proditor
1336 3597 1412 3647 esse

318 3672 467 3746 discas?
515 3673 599 3746 Vere
633 3676 839 3768 insaniunt,
866 3677 928 3770 qui
952 3681 985 3746 te
1009 3676 1062 3747 sic
1087 3673 1251 3769 decipere
1277 3674 1410 3748 uolunt.

319 3773 666 3874 Time-cottidianos
688 3774 882 3871 sinpultus,
910 3798 1104 3868 eapauesce
1130 3777 1335 3873 frequentes
1353 3797 1411 3870 pe·

317 3879 445 3970 mitus,
479 3875 647 3948 horresce
673 3875 850 3948 lacrimas
870 3876 992 3969 patris
1031 3879 1094 3949 tui.
1147 3875 1269 3950 Minus
1304 3898 1411 3970 aepre

317 3979 440 4072 ferret,
459 3981 574 4048 totum
593 3973 663 4048 sibi
684 3975 730 4047 ad
750 3976 915 4049 hostibus
930 3978 1095 4070 praeripi
1112 4000 1273 4072 repnum7
1300 4000 1411 4073 quam

317 4083 363 4171 te,
391 4079 450 4150 cui
475 4083 600 4150 seruat
622 4100 783 4171 repnum.
819 4077 995 4151 Innocens
1022 4101 1087 4150 cor
1105 4083 1207 4149 tuum
1225 4079 1412 4150 venenosis

316 4176 407 4250 heu!
424 4176 614 4251 blanditiis
630 4176 820 4251 seductum
848 4187 922 4273 est5
943 4183 1123 4272 paternae
1144 4181 1293 4270 pietatis
1305 4186 1413 4274 potet

392 4303 416 4374 1)
436 4304 597 4359 Widulrind.
616 4303 665 4359 111.
688 4304 730 4361 18.
