3146 5012
324 475 375 552 50
774 469 1012 546 RUOTGERI

326 676 409 749 dius
436 685 678 774 agnoverunt,
736 674 990 772 Frequentant
1028 675 1155 747 locum
1194 675 1411 773 sepulturae

326 778 428 873 eius,
461 777 631 851 certatim
660 785 891 870 memorant,
933 775 1018 872 quid
1046 774 1198 872 fecerit,
1235 775 1321 872 quid
1349 777 1412 847 do·

326 879 455 975 cu'erit,
483 878 603 975 qualis
630 876 774 975 vixerit,
802 876 922 974 qualis
949 876 1092 950 obierit.
1128 877 1238 948 Modo
1257 900 1325 974 pro
1344 875 1409 948 illa

326 988 446 1054 orant
439 981 589 1078 modo,
611 990 649 1050 at
667 977 754 1151 ipset
765 1002 834 1076 pro
855 1001 895 1051 se
914 1001 1022 1051 orare
1049 977 1178 1076 dignet
1180 1002 1235 1072 ur,
1262 987 1410 1076 rogant.

324 1080 440 1179 Signa
467 1105 542 1152 non
570 1089 773 1178 quaerunt,
809 1079 842 1158 vi
845 1089 922 1152 tam
951 1079 1174 1176 adtendunt,
1202 1078 1410 1151 doctrinam

326 1182 516 1277 recolunt5
543 1180 747 1254 futurum
738 1206 774 1253 m
802 1205 847 1254 eo
875 1189 939 1253 aut
966 1169 1119 1252 sibit
1055 1189 1119 1252 aut
1143 1189 1229 1278 post
1233 1178 1305 1252 eris
1331 1179 1409 1252 suis

324 1307 506 1381 magnum
525 1282 662 1380 aliquid
683 1281 918 1394 pollicentur
972 1280 1141 1378 Denique
1169 1303 1300 1354 omnes
1329 1280 1409 1354 eius

325 1383 585 1480 monimentiS,
619 1383 716 1456 sicut
750 1381 840 1456 olim
866 1381 1104 1480 pervisum,
1140 1381 1192 1453 ita
1219 1406 1317 1455 nunc
1344 1407 1411 1480 per

325 1495 517 1557 mortuum
535 1486 579 1556 ad
599 1483 670 1556 Dei
687 1484 837 1556 laudem
858 1493 895 1558 et
914 1482 1074 1600 gloriam
1095 1482 1314 1556 excitantur.

399 1589 458 1660 49.
500 1586 581 1658 Test
566 1591 704 1658 ttamen
704 1609 765 1656 am
804 1583 929 1657 domni
973 1591 1008 1656 et
1048 1586 1084 1655 in
1125 1583 1264 1656 Christo
1309 1606 1409 1655 cene·

276 1698 280 1708 '
324 1684 434 1758 randi
459 1687 645 1759 Branonis
670 1685 941 1781 archiepiscopi,
968 1684 1132 1772 feliciter.
1184 1685 1310 1758 Brano
1336 1707 1409 1757 ser·

324 1810 390 1859 ons
417 1787 566 1882 Christi,
606 1786 690 1875 filiis
716 1789 793 1860 sais
833 1786 1005 1860 Coloniae
1042 1784 1118 1858 Deo
1158 1785 1408 1858 militantibus.

326 1887 426 1976 (lnce
452 1891 489 1960 in
514 1890 678 1960 animam
703 1886 832 1961 indari
858 1886 903 1960 cle
928 1887 1036 1960 rehas
1062 1885 1301 1984 praedivina
1323 1885 1410 1958 mihi

325 1992 506 2061 commisit
528 1991 772 2078 munificentia
799 1987 1066 2084 dispensandis,
1093 1995 1211 2062 vestro
1237 1986 1410 2059 roborari

324 2088 473 2185 indicio,
511 2093 614 2163 inniti
640 2093 854 2186 testimonio,
887 2092 920 2162 si
953 2092 1072 2182 ipsam
1098 2113 1153 2161 me
1180 2094 1408 2184 praesentem

323 2189 524 2277 haecDeas
537 2190 723 2264 cohiscam
745 2194 1097 2264 communicarenon
1119 2192 1252 2285 siverit,
1276 2188 1409 2284 etipnis·

213 2301 214 2304 ’
324 2293 455 2363 simam
481 2295 596 2365 statui
632 2295 769 2386 scripto
808 2290 962 2366 advaos
994 2291 1153 2386 perlato.
1205 2291 1409 2384 Eapropter

324 2415 368 2464 ea
393 2415 454 2465 sen
457 2395 569 2465 tentia
587 2395 668 2480 frat
668 2416 750 2465 ram
767 2416 834 2465 nos
837 2399 977 2465 trorum
994 2390 1212 2486 theoderici,
1233 2387 1422 2485 Wicfridi,¹

325 2495 452 2590 patet
478 2495 556 2595 ipsi
579 2493 717 2566 alumni
748 2516 805 2566 aes
809 2496 856 2565 tri
809 2499 985 2588 t,sant
1027 2499 1156 2566 cancta
1187 2493 1408 2586 consciscite,
1510 2521 1514 2528 ·

325 2599 418 2666 recte
436 2593 511 2667 Deo
531 2583 651 2666 volent
636 2600 668 2666 te
686 2601 817 2666 cancta
842 2595 1027 2690 transapit
1028 2619 1057 2690 e,
1084 2601 1117 2667 et
1143 2591 1356 2690 qnicqahlt
1340 2591 1409 2663 t·he
1486 2635 1489 2654 ι
1559 2603 1561 2636 ³

325 2697 431 2772 sauri
448 2702 533 2769 nost
532 2698 584 2768 ris
598 2693 725 2788 opillus
742 2694 838 2769 illat'
811 2702 838 2768 tr
856 2693 1113 2768 aecclesiae—
1127 2692 1298 2791 quicquid
1315 2694 1409 2765 enim
1445 2749 1452 2764 .

326 2803 390 2892 est,
410 2795 572 2869 claribus
585 2797 692 2869 haias
709 2796 879 2870 Eoizonis
896 2799 964 2869 circ
958 2795 1083 2890 illast
1083 2799 1146 2889 ris,
1170 2791 1409 2866 himiliarchi¹

325 2899 446 2970 sancti
469 2897 577 2992 Petri,
605 2897 820 2992 custoditor,
843 2902 989 2991 praeter
1014 2897 1047 2968 si
1072 2893 1160 2992 qaid
1186 2917 1211 2966 a
1236 2896 1411 2966 ministris

326 2997 487 3071 nondam
514 2998 669 3071 relatam
694 3001 744 3071 sit
761 3041 809 3053 -
828 3021 872 3070 ne
885 2995 974 3090 qaid
1000 2996 1047 3068 ab
1066 2995 1242 3070 aecclesia
1256 2993 1411 3068 divisam

297 3147 307 3195 4
327 3121 403 3172 esse
426 3097 620 3194 videretur,
647 3099 713 3172 sab
740 3101 945 3171 testimonio
972 3097 1103 3172 Christi
1136 3105 1172 3171 et
1203 3095 1410 3189 aecclesiae,

328 3206 412 3272 ante
451 3200 571 3272 altare
608 3203 728 3273 sancti
765 3198 883 3294 Petri,
925 3197 1055 3293 palam
1095 3197 1226 3272 domno
1265 3196 1411 3290 Popone

326 3307 434 3394 proto
462 3307 497 3374 et
527 3303 694 3374 iconomo
731 3299 928 3372 aecclesiae
962 3306 1110 3374 nostrae
1136 3304 1304 3395 conpesta
1330 3294 1412 3366 elili-
1464 3292 1467 3305 ¹

327 3404 490 3497 pontique
508 3403 650 3476 ratione
674 3405 846 3496 inspecta,
872 3423 964 3473 ansa
989 3423 1104 3474 aarea
1132 3407 1167 3472 et
1182 3399 1412 3492 preciosiora

322 3525 489 3598 *quaeqae
515 3506 552 3575 in
578 3503 777 3577 ministerio
803 3507 955 3582 sanctae
979 3501 1046 3573 Dei
1069 3501 1251 3596 penitricis
1270 3497 1413 3570 Mariae

324 3608 364 3675 ct
388 3600 484 3676 beati
509 3602 608 3677 Petri
634 3601 794 3699 apostoli
818 3605 955 3696 inipso
973 3601 1151 3674 aecclesia
1176 3603 1213 3674 in
1234 3606 1411 3694 perpetuo
1497 3635 1501 3642 ·

328 3725 398 3776 asa
430 3711 605 3799 perpetuo
645 3711 914 3778 consecrentur·
961 3703 1123 3798 Cappam
1157 3724 1326 3796 auream,
1366 3701 1413 3773 si·

328 3803 453 3900 pillum
482 3811 517 3877 et
539 3805 730 3878 scutellam
758 3805 947 3900 Graecam,
974 3825 1067 3900 qaae
1089 3827 1199 3898 penes
1225 3806 1412 3894 nossent,

329 3903 435 3978 heato
478 3905 557 3978 Pan
559 3906 715 4000 tahani,
755 3903 979 3978 candelabra
1017 3929 1110 4000 prae
1111 3911 1209 3976 terea
1245 3924 1338 4000 qaae
1376 3901 1413 3972 in

329 4009 528 4080 ministerio
555 4014 680 4080 nostro
719 4013 806 4080 sant
790 4005 1058 4102 tcottidiana,
1098 4007 1194 4102 equit
1193 4029 1246 4077 em
1285 4025 1415 4101 arpen·

330 4115 426 4180 team
465 4131 489 4179 a
528 4107 769 4204 Maponciaco
809 4108 1079 4280 archiepiscopo
1115 4105 1260 4198 datam,
1292 4102 1414 4196 pallia

330 4207 449 4280 elecem
477 4211 629 4306 optima,
655 4232 748 4283 vasa
774 4207 895 4282 elecem
920 4214 1048 4304 arpent
1048 4232 1092 4280 ea
1126 4229 1168 4279 ec
1193 4203 1433 4298 melioribus,¹

329 4306 443 4382 libras
470 4316 548 4382 cent
549 4333 610 4381 arn
635 4309 686 4384 ad
712 4309 912 4384 claustram
934 4306 1253 4403 perficiendam,t
1238 4311 1414 4428 trecentas

331 4425 393 4498 1)t.
412 4443 436 4482 e
455 4427 623 4484 thesaurarii.
