3146 5012
532 481 640 589 vira
666 479 918 554 uuuuoms.
1226 485 1273 557 15

179 683 300 781 genda
320 707 394 756 non
421 692 519 755 sunt.
555 680 779 779 lnpossibile
804 705 968 778 namque
996 693 1075 782 est,
1093 682 1186 756 tanti
1204 683 1272 757 viri
1301 701 1363 759 953.

178 792 286 882 gesta
312 807 380 882 per
407 783 617 857 cotidianos
644 782 826 855 virtutum
857 783 1051 880 profectus
1086 784 1272 880 evolvere,

179 883 376 982 dignisque
395 885 581 957 factorum
596 883 768 956 laudibus
783 907 924 980 magua
940 883 1021 956 eius
1036 885 1170 958 merita
1186 909 1273 957 con·

113 1003 115 1006 ·
178 995 359 1082 gruenter
385 985 577 1081 attollere,
604 1009 701 1080 quae
727 984 842 1081 longe
868 985 1020 1082 lateque
1048 1009 1154 1058 more
1184 1010 1271 1084 pru·
1376 1050 1377 1054 ,

176 1085 423 1158 deotissimae
451 1086 545 1183 apiS,
574 1095 616 1157 ut
642 1083 780 1159 Christi
806 1086 928 1157 bonus
963 1086 1056 1158 odor
1083 1108 1167 1160 esse
1186 1109 1271 1183 pos-

178 1195 253 1281 set,
280 1187 547 1260 benefaciendo
576 1195 614 1259 et
640 1207 912 1284 oppressorum
938 1185 1106 1284 inopiam
1125 1196 1271 1260 susten·
1354 1251 1357 1254 ,

176 1286 290 1360 tando
310 1287 528 1384 collegerat.
565 1286 647 1358 Hoc
666 1285 843 1357 nimirum
863 1284 947 1358 aliis
967 1287 1160 1382 advitam,
1186 1287 1269 1359 aliis

177 1387 223 1458 ad
248 1396 412 1460 mortem
439 1397 530 1460 erat.
575 1387 670 1464 Nam
698 1386 762 1483 qui
788 1385 1046 1460 amaritudinis
1075 1388 1156 1462 zelo
1185 1411 1269 1460 suc·

177 1487 292 1582 censi,
307 1489 492 1560 bonarum
507 1486 644 1560 artium
654 1485 789 1584 ignari,
804 1485 1056 1560 dissimillima
1066 1488 1144 1561 suis
1159 1487 1268 1561 factis

153 1667 157 1672 .
176 1587 311 1685 studia,
331 1613 427 1685 quae
447 1613 516 1660 nec
535 1587 721 1660 inmutare
739 1597 914 1685 poterant
930 1613 1000 1662 nec
1020 1589 1191 1663 venerari
1205 1613 1270 1662 no-

174 1699 319 1784 verant,
339 1689 570 1762 detrahendo
590 1699 628 1761 et
645 1687 904 1762 maledicendo
924 1700 1139 1786 pervertere
1159 1713 1270 1762 cona·
1393 1745 1396 1748 -

174 1791 327 1884 bantur,
353 1799 516 1862 mortem
543 1787 612 1860 sibi
647 1798 685 1862 et
716 1813 787 1862 vae
820 1799 1047 1887 perpetuum
1074 1814 1270 1889 compara·

175 1890 275 1986 bant,
289 1889 497 1962 secundum
506 1889 715 1987 prophetae
729 1889 1048 1976 conminationem
1072 1891 1268 1966 dicentist:

180 1989 262 2084 Vae,
280 1992 343 2085 qui
361 1989 489 2062 dicunt
506 1990 644 2062 mulum
663 1989 798 2063 bonum
823 1998 859 2062 et
875 1989 1009 2062 bonum
1026 1992 1178 2088 mulum,
1200 2016 1269 2087 po·

174 2097 297 2162 nentes
317 2089 483 2162 tenebras
502 2089 618 2162 lucem
637 2096 673 2162 et
688 2089 804 2162 lucem
824 2090 1015 2164 tenebras!
1032 2135 1080 2146 -
1097 2092 1165 2182 Qut
1184 2116 1267 2166 uero

174 2192 337 2286 sequitur
354 2213 421 2283 me,
441 2189 553 2264 dicit²
579 2189 776 2288 DominuS,
803 2213 878 2264 non
897 2190 1090 2265 ambulant
1113 2195 1150 2266 in
1174 2200 1268 2266 tene·

174 2289 259 2362 bris.
297 2291 366 2364 Hic
393 2292 566 2388 profecto
595 2299 682 2364 ante
707 2301 858 2388 tempus
894 2315 969 2364 non
1002 2293 1162 2385 iudicat,
1198 2318 1267 2367 nec

174 2391 380 2487 quemlibet
405 2391 517 2464 facile
545 2415 590 2464 ex
617 2415 686 2463 sua
715 2392 900 2466 sententia
929 2393 1118 2491 dampnat.
1151 2393 1267 2466 Ronis

172 2490 288 2587 igitur
314 2492 551 2589 propositum
579 2503 637 2564 est
655 2492 830 2588 pessimis
857 2492 1072 2591 displicere,
1100 2493 1198 2572 unde
1216 2494 1268 2568 vi·

173 2601 251 2663 tam
275 2614 383 2663 suam
402 2595 478 2664 ndn
502 2592 742 2690 popularium
760 2593 926 2667 vanitate
952 2618 1185 2691 sermonum,
1210 2604 1270 2670 set

174 2691 428 2766 conscientiae
446 2692 605 2765 veritate
623 2693 839 2765 metiuntur.

251 2797 308 2868 15.
327 2794 540 2889 Antequam
559 2793 596 2864 in
611 2802 835 2891 suggestum
849 2793 1106 2890 pontificalem
1119 2795 1178 2867 vir
1196 2797 1267 2869 iste

173 2890 210 2963 in
224 2892 468 2991 legeDomini
483 2893 649 2967 eruditus
666 2893 899 2991 ascenderet,
914 2893 1103 2967 seditiosis
1113 2908 1266 2970 nostrae

116 3019 118 3022 ·
173 2991 226 3064 rei
254 2991 427 3091 publicae
453 2994 608 3090 civibuS,
636 3017 730 3090 quos
756 2992 1006 3069 inflammavit
1029 2995 1183 3093 spiritus
1202 2996 1268 3071 Sa·

172 3101 283 3166 tanae
302 3092 499 3191 insurgere
514 3093 552 3165 in
570 3093 754 3166 christum
768 3094 930 3192 Domini,
951 3107 1033 3170 erat
1050 3114 1137 3196 spes
1154 3124 1268 3196 quae·

172 3193 259 3266 dam
278 3193 432 3267 Colonia
459 3193 650 3292 potiundi,
677 3193 729 3267 ita
757 3196 1043 3294 magnanimum
1069 3199 1178 3297 regni
1197 3200 1267 3271 Lo·

170 3293 304 3367 tharici
339 3295 524 3393 populum
552 3304 617 3367 aut
648 3293 753 3391 pacis
782 3295 851 3368 sibi
887 3297 1040 3371 foedere
1074 3298 1265 3395 devinciri,

172 3404 235 3466 aut
261 3397 392 3469 crebro
421 3395 510 3470 belli
537 3395 682 3494 impetu
700 3407 855 3494 propter
874 3397 1168 3496 oportunitatem
1191 3399 1266 3472 loci

170 3496 303 3568 terreri
338 3519 452 3594 posse
479 3495 768 3570 arbitrabantur.
821 3495 889 3572 Set
922 3507 1125 3596 postquam
1159 3499 1265 3573 illam

101 3669 112 3675 ,,
170 3595 231 3667 hic
258 3595 358 3668 filius
384 3596 509 3695 paciS,
543 3608 671 3670 custos
699 3597 970 3698 aecclesiarum
998 3597 1067 3672 Dei
1093 3600 1266 3698 pervigil,

171 3695 349 3792 introivit,
375 3696 448 3769 dici
475 3723 550 3772 non
577 3707 717 3797 potest,
744 3708 884 3794 quanto
911 3722 1087 3773 moerore
1115 3699 1189 3773 sint
1213 3701 1265 3773 af-

170 3795 273 3894 llicti,
292 3807 431 3893 quanta
451 3797 715 3897 desperatione
730 3797 870 3897 incepti
889 3797 947 3872 sui
965 3799 1183 3897 perficiendi
1203 3803 1267 3872 ob·

170 3898 271 3970 ducti
290 3908 389 3995 suut,
408 3898 634 3996 quicumque
661 3898 699 3970 in
722 3898 794 3972 hoc
813 3925 931 3998 regno
964 3911 1071 3974 erant
1088 3901 1193 3999 pacis
1212 3900 1266 3972 in·

153 3996 281 4071 imici.
317 3999 412 4072 Hinc
431 3999 703 4098 blasphemiae,
723 4000 935 4098 maledicta,
953 4004 1092 4099 probra
1115 4011 1153 4075 et
1171 4001 1266 4096 rnul-¹

169 4097 312 4171 timoda
330 4097 533 4199 impietaitis
553 4109 779 4173 commenta.
815 4099 916 4175 Saue
940 4101 1174 4175 mentita-est
1199 4100 1266 4174 ini·

171 4198 295 4296 quitas
315 4201 399 4300 sibi,
417 4212 458 4274 ut
476 4200 562 4300 quia
580 4210 772 4298 pastorem
792 4225 863 4273 nec
882 4202 1070 4300 corrumpi
1096 4227 1165 4278 nec
1186 4202 1263 4275 ullo

245 4326 270 4398 l)
289 4325 343 4381 les.
362 4328 389 4382 5.
408 4329 453 4384 20.
564 4327 591 4401 2)
611 4325 669 4382 lob.
689 4325 716 4390 8,
737 4325 779 4380 12.

980 4417 1032 4490 2*
