3146 5012
317 457 341 527 4
735 450 990 525 ‘RUOTGERI

319 661 401 727 tant
385 656 412 727 ti
429 655 497 726 oiri
516 655 714 748 episcopos,
741 661 897 749 quantos
924 655 960 732 in
986 677 1210 750 quacumque
1237 654 1401 728 ccclesia·

271 819 273 824 ,
319 758 432 830 sticae
452 755 696 847 professionis
714 751 905 848 disciplina
919 753 1200 847 probatissimos
1225 759 1401 848 novimus,

265 849 268 855 ’
320 858 381 952 qui
413 861 554 926 eumet
576 853 800 972 familiarius
825 861 1019 950 nonerunt,
1047 859 1296 950 etperfectius
1322 855 1402 929 illu-

319 954 455 1029 stribus
481 959 718 1028 monumentis
743 959 777 1027 oi
779 961 854 1027 tam
880 959 956 1028 cius
974 911 1164 1028 ddclarare
1187 982 1235 1052 po
1239 951 1397 1030 tueiunt.
1368 959 1404 1030 tl

321 1057 385 1129 Set
370 1059 469 1152 tqni
495 1078 575 1130 sum
594 1079 671 1151 epo,
699 1059 760 1152 qui
777 1060 870 1128 ootis
888 1061 1025 1152 vestris,
1045 1056 1273 1131 dominorum
1292 1056 1402 1130 cacel-

320 1160 523 1252 lentissime,
550 1181 664 1230 ansus
689 1160 820 1244 fuerim
848 1158 1056 1230 contraire?
1086 1158 1169 1232 Feci
1194 1183 1279 1254 erpo
1305 1158 1403 1255 quod

319 1261 433 1355 potui,
459 1257 642 1354 quomodo
665 1261 787 1354 potui,
814 1283 885 1331 non
909 1282 1146 1353 praesumens
1172 1259 1216 1332 de
1240 1261 1402 1354 scientia,

321 1367 376 1433 set
390 1357 563 1448 fiduciam
582 1357 876 1455 qualemcumque
894 1363 1046 1433 retinens
1065 1363 1102 1433 in
1121 1359 1334 1432 obedientia.
1361 1359 1402 1432 In

321 1484 391 1558 quo
420 1461 485 1551 etsi
511 1463 628 1533 minus
649 1458 823 1554 possibile
854 1460 941 1532 milii
973 1463 1088 1534 visum
1121 1460 1239 1534 estid
1265 1459 1404 1554 cnplere

323 1559 422 1658 qnod
449 1584 643 1655 oppressus
669 1583 761 1655 sum,
785 1564 970 1656 praecepti
987 1568 1106 1634 tamen
1123 1565 1230 1635 nestri
1249 1561 1403 1657 dipnitu-

322 1670 390 1736 tem
416 1664 470 1733 ita
496 1665 660 1734 venerari
686 1685 824 1756 semper
842 1670 878 1735 et
894 1661 1060 1756 amplecti
1078 1665 1237 1734 animum
1264 1660 1402 1757 indual,

322 1769 363 1835 ut
385 1762 686 1857 impossibilitatis
711 1786 812 1839 meac
838 1762 989 1858 oblitus,
1025 1767 1061 1836 in
1086 1763 1254 1836 manibus
1279 1766 1405 1836 vestris

322 1867 390 1938 sim
417 1862 531 1936 oculis
558 1870 594 1937 et
617 1867 739 1936 animo
768 1871 875 1936 totus.
910 1864 1005 1937 Hinc
1027 1888 1092 1961 epo
1119 1865 1309 1960 larpitlune
1330 1866 1405 1958 pie-

323 1967 390 2037 tati
414 1971 555 2038 nestrae
580 1964 756 2059 supplico,
783 1973 826 2037 ut
857 1964 955 2062 qnod
970 1965 1053 2037 huic
1079 1969 1180 2060 operi
1205 1989 1282 2037 meo
1310 1964 1408 2038 deest

322 2069 359 2138 in
375 2089 511 2160 pompa
530 2072 733 2161 ornatuque
746 2069 934 2162 sermonis,
952 2065 1120 2160 suppleat
1136 2071 1172 2140 in
1186 2066 1337 2139 auribus
1350 2090 1405 2138 oe·

322 2170 410 2240 stris
428 2169 504 2239 elus
523 2166 801 2260 commendatio,
821 2191 925 2263 quem
938 2191 1009 2260 pro
1027 2171 1154 2240 merito
1173 2171 1312 2242 virtutis
1330 2175 1404 2239 tam

322 2270 480 2341 suaviter
507 2270 669 2340 amastis.
721 2267 989 2340 Beatitudc'nem
1006 2275 1162 2340 vestram
1179 2267 1276 2341 Deus
1294 2270 1405 2340 omni-

318 2375 448 2462 potens
475 2366 525 2438 ad
549 2367 706 2440 salutem
731 2374 895 2440 nostram
921 2366 1119 2440 diutissime
1144 2368 1357 2441 incolumem
1375 2375 1406 2440 ct

323 2467 584 2541 benevalentem
613 2492 826 2541 conservare
853 2466 1029 2564 dipnetur.

322 2653 494 2726 INCIPIT
504 2652 611 2725 VITA
623 2637 1405 2728 DOIIINIBRUNONISARCHIEPISCOPI.

401 2777 431 2845 1.
452 2769 666 2869 Sapientiae
685 2771 860 2844 nimirum
880 2758 950 2868 est7'
969 2772 1065 2846 scire
1086 2773 1182 2844 unde
1201 2773 1250 2844 sit
1268 2774 1405 2844 donum

323 2874 420 2970 quod
449 2873 530 2970 quis
560 2873 722 2971 accepit3
749 2898 796 2946 ne
823 2898 844 2944 a
871 2896 912 2946 se
940 2873 1009 2944 sibi
1042 2873 1114 2945 hoc
1149 2897 1252 2969 esse,
1287 2883 1351 2945 aut
1385 2897 1404 2944 a

322 2975 402 3046 Deo
422 2973 571 3069 quidem
589 2973 653 3046 sed
673 2973 741 3044 sihi
762 2972 939 3070 debitum7
964 2983 1081 3072 putet.
1117 2971 1157 3046 Si
1177 2974 1274 3048 enim
1295 2998 1407 3072 quae·

322 3074 453 3164 rimus2
476 3073 561 3170 quid
578 3073 683 3145 nobis
699 3074 889 3169 debeatur‚
908 3073 999 3146 nihil
1012 3074 1222 3148 invenimus
1237 3075 1307 3147 nisi
1322 3099 1406 3172 sup·

321 3173 486 3273 plicium.
526 3173 780 3248 Misericordia
808 3185 932 3248 autem
950 3175 1018 3250 Dei
1044 3176 1281 3274 praerogavit
1298 3175 1407 3249 nobiS

324 3274 496 3374 gratiam,
525 3285 564 3346 ut
590 3275 760 3369 haberet
788 3275 921 3373 quihus
949 3277 1120 3351 redderet
1152 3277 1312 3374 gratiam
1340 3299 1406 3373 pro

324 3376 468 3474 gratia3
496 3385 533 3452 et
550 3376 650 3449 hoc
641 3401 716 3448 ram
736 3387 837 3450 esset
856 3377 1032 3469 debitum,
1052 3377 1137 3474 quia
1159 3377 1256 3451 Deus
1275 3376 1406 3480 valuit

324 3502 395 3549 non
415 3476 500 3573 quia
525 3477 638 3549 homo
667 3478 814 3550 meruit.
853 3477 948 3567 Quid
973 3480 1065 3550 enim
1090 3477 1212 3574 nabes,
1240 3467 1312 3563 ait
1319 3502 1407 3576 apo-

324 3578 443 3650 stolus
453 3577 477 3670 ¹,
497 3576 596 3672 qnod
613 3602 684 3651 non
700 3579 892 3673 accepisti?
922 3578 963 3650 Si
981 3586 1102 3651 antem
1121 3582 1301 3693 accepisti,
1320 3576 1407 3674 qnid
1505 3617 1513 3634 ·

321 3677 507 3773 planioris,
527 3681 633 3773 quasi
646 3703 718 3752 non
732 3681 937 3772 acceperis?
954 3679 1161 3754 Ineffabili
1153 3681 1266 3778 igitur
1283 3678 1406 3778 provi·

323 3778 446 3851 dentia
465 3778 641 3852 bonitatis
660 3780 727 3852 Dei
747 3781 926 3853 collatum
952 3791 1010 3854 est
1027 3781 1156 3855 electis
1183 3782 1275 3876 eius,
1302 3789 1344 3851 ut
1370 3789 1406 3852 et

323 3879 439 3994 grati-s
459 3879 620 3977 copiosis
639 3881 782 3978 gratiae
801 3882 1016 3955 muneribus
1032 3882 1204 3978 ditentur,
1224 3892 1260 3955 et
1278 3890 1404 3953 tamen

323 3981 423 4054 hoc
414 4003 548 4078 ipsum,
575 4005 648 4078 quo
668 3993 922 4096 munerantur,
941 3983 1217 4080 quodammodo
1238 4007 1303 4080 per
1322 4005 1405 4079 gra-

323 4083 413 4154 tiam
431 4092 667 4178 mereantur3
695 4083 838 4157 alius
809 4108 874 4178 slc,
895 4083 988 4157 alius
1006 4109 1095 4158 vero
1115 4083 1180 4180 sic,
1210 4081 1406 4179 unusquis-

324 4208 394 4280 que
414 4185 618 4257 secundum
634 4185 760 4281 quod
751 4211 788 4258 m
807 4211 851 4259 eo
872 4197 1048 4284 operatur
1066 4208 1162 4257 unus
1178 4194 1288 4281 atque
1306 4183 1404 4258 idem

397 4316 421 4382 1)
443 4316 455 4369 ι
478 4315 540 4373 cor.
559 4319 585 4383 4,
605 4319 631 4372 7.
