3146 5012
487 476 598 550 VITA
622 414 872 550 BRUNONlS.
1179 482 1221 550 11

135 681 327 775 intarta,
363 679 458 776 quod
495 702 703 777 paucorum
738 690 812 776 est,
849 676 955 775 quasi
991 677 1094 751 solus
1131 687 1223 752 erat.
1293 749 1295 754 ,

137 780 457 854 Conlabulabatur
475 803 637 878 namque
658 780 859 852 utillimum
879 777 1017 876 aliquid
1032 804 1118 852 cum
1136 803 1225 877 quo-

136 883 204 979 vis7
224 892 288 954 aut
306 881 557 954 meditabatur
574 882 610 952 id
629 881 754 978 ipsum
772 880 810 952 in
828 879 971 977 quovis.

212 985 245 1058 9.
274 982 369 1054 Cum
396 982 441 1054 ad
461 982 626 1054 divinum
644 992 796 1055 ventum
822 991 923 1055 esset
941 978 1122 1078 officium,
1150 980 1226 1052 ani·

136 1108 241 1156 mum
268 1084 406 1181 agebat
436 1082 641 1178 intentum,
672 1083 775 1157 brevi
802 1083 952 1179 quidem
977 1091 1036 1154 set
1062 1105 1156 1180 pura
1183 1104 1226 1154 se

137 1185 305 1258 oratione
320 1183 481 1258 Domino
497 1184 777 1257 commendans.
805 1183 885 1279 llio,
904 1181 1038 1279 quihus
1054 1181 1226 1255 convixe-

137 1297 208 1382 rat,
225 1284 354 1357 habitu
374 1295 410 1358 et
429 1295 539 1383 gestu
558 1285 770 1383 aliquanda
789 1294 917 1358 mente
936 1283 1038 1356 aliud
1054 1283 1225 1380 actitans⁷

140 1386 333 1460 satisfecit.
363 1388 452 1459 ‘Non
472 1386 571 1460 enirn
587 1387 694 1459 alites
709 1397 786 1458 tam
801 1410 889 1458 vere
904 1383 1096 1482 popularis
1112 1392 1225 1479 esset,

139 1511 261 1584 neque
287 1497 366 1560 tarn
393 1487 521 1560 multis
548 1487 706 1560 meliora
732 1485 994 1584 persuasisset.
1044 1484 1228 1581 Quicquid

140 1589 379 1662 sacerdotum
396 1587 549 1661 Domini
575 1599 640 1661 aut
657 1589 911 1686 perfectorum
938 1587 1103 1660 virorum
1130 1586 1230 1682 quis·

139 1689 242 1788 piam
261 1690 326 1761 illo
346 1690 574 1788 intempore
593 1709 772 1788 magnum
792 1689 829 1761 in
847 1687 1030 1786 religione
1050 1687 1229 1760 molieba-

139 1802 213 1887 tur‚
238 1791 311 1862 hoc
331 1790 439 1886 quasi
458 1791 540 1864 solo
569 1791 732 1888 quodam
760 1790 898 1863 comite
923 1789 1131 1884 nitebatur3
1158 1811 1228 1861 nec

141 1893 292 1965 rebatur
305 1891 569 1965 auctoritatem
584 1915 693 1964 suam
707 1893 799 1965 satis
814 1915 880 1989 per
898 1915 939 1964 se
952 1891 1228 1986 vehementem,

142 1992 212 2064 nisi
231 1993 344 2086 hunc,
371 1992 479 2088 quasi
493 1992 824 2089 succenturiatum,
843 2002 975 2064 nosset
993 1992 1086 2065 sein
1106 1990 1230 2062 divina

144 2092 224 2165 acie
252 2091 536 2166 sustentantem.
580 2092 718 2166 Servus
747 2103 872 2165 autem
897 2092 967 2165 Dei
991 2117 1065 2164 non
1092 2091 1231 2164 medio-

143 2195 255 2266 criter
274 2192 311 2265 in
330 2193 477 2292 incepto
506 2193 685 2292 prolecit3
712 2217 885 2268 rumores
903 2192 1006 2291 vulgi
1025 2217 1095 2292 pro
1112 2191 1228 2264 nihilo

144 2294 265 2389 duxit3
292 2319 362 2368 nec
389 2296 487 2392 quod
514 2305 600 2368 ante
627 2295 741 2394 pedes
768 2296 838 2368 fuit
865 2294 1001 2388 solum7
1029 2304 1088 2368 set
1112 2294 1233 2365 multa

144 2420 294 2493 quoque
320 2395 357 2467 in
385 2406 579 2493 posterum
606 2395 798 2494 praevidit.
844 2395 938 2468 Hinc
966 2406 1035 2490 est,
1063 2396 1161 2492 quod
1187 2395 1233 2466 de
1285 2421 1287 2426 ’

143 2497 260 2570 fratre
279 2520 348 2568 suo
368 2507 619 2595 cognomento
639 2497 756 2595 patris
776 2497 846 2592 sui,
876 2507 912 2570 et
931 2498 975 2570 de
996 2497 1175 2569 Cuonone
1195 2494 1232 2566 in

145 2597 368 2670 affinitatem
396 2597 547 2695 regiam
574 2609 768 2696 assumpto
780 2598 806 2693 1,
834 2598 923 2670 dum
954 2597 1111 2670 nimiam
1137 2597 1234 2670 inter

146 2722 212 2772 eos
239 2697 415 2795 colloquii
439 2697 747 2793 familiaritatem,
775 2709 812 2770 et
829 2699 903 2771 hoc
920 2698 1084 2772 maxime
1102 2697 1234 2769 missa·

145 2824 227 2871 rum
246 2810 429 2896 ternpore,
457 2809 639 2894 cerneret,
667 2823 852 2896 praesago
881 2798 1013 2898 spiritu
1038 2800 1156 2872 fertur
1182 2797 1234 2868 di-

144 2899 264 2992 xisse3
286 2900 369 2972 Oia
386 2907 562 2996 quantam
575 2901 846 2972 inimicitiarum
865 2897 1147 2972 amaritudinem
1159 2900 1234 2972 iota

145 3002 182 3071 in
199 2999 268 3071 hoc
285 3007 444 3093 tempore
462 3000 644 3073 tremendo
673 3001 768 3073 male
780 3008 895 3096 parta
919 2998 1153 3073 contubernia
1166 3023 1234 3071 -re-

144 3100 344 3173 solventur!
372 3100 537 3174 Eventus
564 3102 618 3174 rei
644 3110 719 3174 no'n
751 3103 870 3175 multo
889 3113 976 3201 post
994 3102 1100 3174 dictis
1120 3101 1233 3174 fidem
1323 3169 1325 3175 .

144 3201 244 3274 fecit.

223 3304 279 3374 10.
308 3301 430 3376 Prima
451 3302 679 3398 dispensatio
699 3303 840 3376 credita
859 3315 917 3376 est
933 3304 986 3375 illi
1007 3299 1128 3376 adhuc
1148 3303 1235 3375 ado-

145 3402 302 3475 lescenti
321 3401 358 3474 in
385 3403 606 3501 quibusdam
634 3403 915 3506 monasteriis²3
949 3403 1145 3502 inquibus
1173 3404 1235 3477 de-

147 3512 280 3600 gentes
308 3527 392 3576 cum
420 3505 554 3578 idoneo
583 3503 790 3578 aecclesiae
822 3505 1062 3600 testimonio,
1096 3504 1234 3602 partim

145 3603 356 3676 voluntarie
369 3605 505 3701 partim
521 3603 574 3700 vi,·
584 3605 628 3677 ad
643 3606 856 3703 regularem
871 3606 985 3678 vitam
1000 3605 1233 3702 constrinxit,

147 3703 271 3777 sciens
307 3705 404 3800 quod
440 3716 477 3778 et
503 3705 627 3779 invitis
654 3709 751 3778 bona
778 3716 1028 3804 praestantur.
1073 3706 1234 3805 Ipsaque

147 3815 235 3904 post
253 3805 447 3902 paululum
467 3805 546 3879 Deo
567 3817 715 3879 sacrata
733 3808 830 3900 loca,
850 3818 1037 3881 annuente
1062 3808 1166 3906 regia
1192 3808 1235 3878 li-

146 3907 356 4002 b‘eralitata⁷
382 3905 588 4004 privilegiis
608 3919 645 3981 et
662 3908 958 3982 immunitatibus
984 3908 1152 4008 pristinis
1178 3931 1235 3980 re-

147 4006 335 4104 formavit,
361 4006 453 4078 nihil
481 4007 550 4079 sibi
577 4008 702 4081 suisve
728 4009 861 4082 exinde
879 4009 1051 4083 beneficii
1069 4009 1150 4082 iure
1177 4034 1236 4082 re·

149 4130 315 4203 servam,
342 4107 413 4180 nisi
441 4111 920 4204 quantumcoenobiorum
946 4120 1072 4207 patres
1101 4120 1235 4209 sponte

149 4230 264 4281 causa
290 4208 455 4281 caritatis
485 4209 706 4283 obtulerant.
743 4209 784 4281 ln
811 4210 869 4282 his
897 4220 998 4284 extat
1016 4211 1235 4306 loresham,

223 4333 247 4404 l)
268 4351 367 4403 genere
385 4336 467 4406 regis.
504 4337 531 4408 2)
551 4339 604 4392 iam
624 4355 647 4392 a.
668 4337 831 4394 dracmas
851 4347 920 4405 erat;
940 4337 1084 4394 Flodoard.
1104 4338 1130 4392 h.
1149 4356 1172 4394 a.

1168 4501 1173 4529 l
