3146 5012
308 466 355 538 32
732 459 975 534 RUOTGERI

310 665 448 748 clesiae
466 663 554 736 filiis
581 662 858 735 oblectamenta
887 661 1092 736 contulite
1094 664 1232 736 tdona
1258 663 1402 758 eulatie,

308 763 461 866 pensari
479 773 683 861 nequeunt
712 763 904 836 aestimari
924 788 999 835 non
1026 775 1206 878 possunt3
1235 789 1330 861 quae
1359 790 1404 838 ex

310 867 482 939 omnibus
510 889 607 962 pene
634 863 762 935 mundi
791 864 913 962 plagis
951 875 988 938 et
1014 865 1185 938 terminis
1222 864 1402 962 religioso

309 968 449 1041 affectu
476 977 513 1040 et
532 964 657 1038 animo
684 964 967 1062 congregavit
969 965 1076 1062 quasi
1095 965 1278 1039 conitiens
1305 967 1403 1063 quod

308 1069 477 1140 futurum
505 1076 597 1160 erat,
625 1074 666 1137 ut
692 1066 962 1162 probrevitate
981 1066 1301 1140 dierumsuorum
1321 1091 1406 1165 gre·

309 1169 347 1267 gi
367 1167 437 1240 sibi
456 1166 663 1240 commisso
683 1167 780 1238 dona
800 1165 1005 1264 perhennia
1026 1166 1280 1240 confirmaret.
1319 1167 1402 1254 Quo

307 1280 435 1342 tamen
455 1267 578 1340 studio
598 1267 633 1339 id
654 1267 798 1340 curavit
815 1267 1070 1364 potissimum,
1098 1277 1137 1339 ut
1156 1279 1193 1340 et
1211 1267 1286 1339 illis
1305 1271 1404 1340 unde

309 1371 470 1444 abducta
497 1379 585 1440 sunt
611 1367 859 1462 desiderium,
887 1379 925 1441 et
950 1367 1008 1439 his
1036 1393 1110 1465 quo
1131 1369 1290 1441 adducta
1317 1378 1406 1440 sunt

309 1469 605 1568 amplificaretur
620 1467 819 1566 gaudium5
835 1468 1009 1564 quatinus
1025 1468 1186 1566 utrique,
1205 1472 1301 1542 bono
1317 1469 1405 1541 odo-

308 1596 350 1646 re
378 1570 506 1643 Christ
491 1569 531 1666 ti,
560 1569 622 1666 qui
651 1578 710 1642 est
735 1568 771 1639 in
800 1569 1040 1666 martyribus
1068 1569 1185 1642 immo
1215 1571 1313 1666 quod
1332 1568 1405 1668 ipsi

309 1682 408 1769 sunt
435 1671 524 1743 licet
550 1669 707 1742 diversis
727 1669 925 1742 affectibus
944 1670 1406 1768 provocati,etetilliv1va-

309 1772 384 1846 tius
411 1780 636 1869 appeterent
662 1770 759 1867 quod
776 1769 1042 1868 neglegebant
1070 1780 1108 1844 et
1132 1771 1194 1843 isti
1220 1780 1353 1869 perpet
1338 1773 1414 1842 tuo'

306 1881 578 1946 venerarentur
605 1871 705 1982 quod
732 1871 778 1942 ad
813 1893 855 1943 se
889 1871 1051 1944 translat
1036 1881 1116 1943 tum
1153 1894 1237 1945 esse
1265 1868 1405 1971 gaude·

308 1976 409 2046 bant.
461 1972 558 2044 Nam
590 1969 653 2067 qui
688 1970 808 2044 nescit
833 1973 976 2044 bonum
1005 1996 1134 2045 amare
1162 1973 1260 2069 quod
1279 1973 1405 2068 habet

309 2074 341 2147 si
369 2071 537 2147 ablatum
569 2073 614 2143 ab
651 2070 716 2144 illo
751 2071 884 2166 fuerit
922 2072 1031 2145 discit
1066 2073 1228 2147 fortasse
1263 2027 1405 2145 bonurrl

309 2199 439 2248 amare
466 2196 539 2271 quo
567 2180 691 2265 caret·
720 2182 758 2244 et
775 2172 927 2245 habebit
945 2163 1035 2245 illud
1061 2173 1149 2246 dum
1171 2172 1291 2247 aberit
1307 2174 1407 2245 fruc-

307 2275 457 2347 tuosius
485 2273 522 2345 in
548 2271 753 2368 memoria,
780 2273 879 2369 quod
905 2273 975 2345 sibi
1001 2273 1185 2347 inutiliter
1210 2273 1377 2346 habuit'
1367 2298 1406 2344 m

307 2373 533 2486 praesentia.
586 2372 789 2470 lmpletum
815 2383 874 2445 est
899 2373 972 2446 hoc
1000 2375 1112 2446 modo
1142 2373 1406 2490 euangelicum

307 2476 399 2549 illud
419 2474 601 2572 elogium
628 2473 727 2589 quod
747 2472 924 2545 dicitur¹z
956 2474 1225 2548 Omnibobenti
1245 2473 1403 2568 dubitur

309 2569 608 2667 ettatundottt;
574 2576 667 2646 tei
694 2580 763 2645 out
763 2597 817 2644 em
843 2576 905 2669 qui
930 2597 1005 2646 non
1031 2573 1149 2688 tabet,
1125 2582 1210 2648 tet
1227 2575 1404 2672 quodda-

309 2677 368 2750 bet
353 2678 575 2762 tonsoratur
593 2673 640 2745 ab
659 2697 711 2746 eo.

385 2779 445 2851 33.
473 2776 621 2848 Interea
649 2765 824 2848 certatim
849 2774 1014 2848 multis
1005 2801 1043 2847 1n
1069 2775 1163 2848 locis
1190 2800 1258 2872 per
1276 2798 1404 2871 parro-

307 2878 414 2951 chias
433 2875 620 2974 epipcopii
640 2899 698 2948 sur
689 2874 839 2948 fidelis
854 2875 919 2948 bio
937 2874 1088 2947 Domini
1107 2899 1238 2948 servus
1265 2887 1302 2949 et
1320 2898 1405 2973 pru-

309 2979 414 3074 denS,
434 2976 640 3051 aecclesias
660 2975 891 3048 monasteria
913 2985 951 3048 et
968 2985 1119 3050 caetera
1138 2976 1308 3050 aedilicia
1328 2998 1404 3049 ser·

307 3079 397 3152 vitio
426 3076 568 3150 domini
587 3074 656 3149 Dei
677 3075 736 3148 sui
756 3086 792 3149 et
810 3075 946 3148 honori
966 3087 1184 3150 sanctorum
1204 3076 1284 3151 eius
1304 3087 1403 3175 apta7

310 3179 497 3277 quaedam
517 3201 537 3250 a
556 3176 811 3250 fundamentis
831 3175 962 3270 erexit,
991 3179 1175 3274 quaedam
1192 3177 1297 3274 prius
1324 3178 1405 3248 fun·
1429 3207 1431 3214 ·

310 3282 398 3353 data
433 3277 610 3351 nobiliter
643 3277 765 3372 auxit
808 3276 880 3348 alia
918 3276 1007 3349 olim
1045 3278 1168 3350 diruta
1203 3276 1402 3375 reparavit.

309 3380 351 3452 ln
377 3379 437 3452 his
464 3378 644 3492 singulis,¹
681 3377 743 3474 qui
769 3377 850 3451 Deo
887 3377 1133 3490 omnipotenti
1170 3380 1238 3449 sub
1271 3376 1405 3490 regula

309 3480 409 3555 vitae
429 3479 634 3553 canonicae
641 3474 892 3572 deservirent,
912 3476 1095 3574 provida
1085 3476 1226 3574 nigenii
1245 3477 1304 3550 sui
1325 3489 1404 3551 arte

310 3579 508 3679 disposuit
536 3604 581 3652 ac
607 3603 655 3652 ne
682 3577 820 3674 quid
789 3601 842 3651 ers
869 3601 937 3675 pro
966 3577 1078 3649 modo
1104 3578 1403 3652 conversationis

310 3705 403 3754 suae
429 3679 592 3776 deesset
619 3677 826 3752 liberaliter
851 3677 1083 3774 disponendo
1110 3679 1280 3776 providit
1334 3680 1405 3752 Cu·

280 3870 283 3876 ,
309 3780 368 3853 ius
389 3779 513 3892 operis
534 3790 570 3852 et
589 3777 826 3857 saluberrimi
851 3776 962 3849 studii
989 3779 1220 3854 monimenta
1246 3781 1405 3879 perhen-

309 3881 394 3954 nius
420 3880 459 3952 in
485 3880 545 3952 his
572 3879 635 3950 ubi
663 3889 745 3951 acta
771 3889 858 3950 sunt
883 3876 978 3950 locis
1004 3878 1155 3954 firmata
1187 3883 1404 3979 perdurant

310 3983 363 4055 ita
381 3990 433 4078 ut
461 3979 498 4053 in
521 3981 673 4053 laudem
702 3989 739 4052 et
765 3979 927 4077 gloriam
946 3979 1031 4054 lesu
1051 3981 1203 4078 Christi,
1230 3980 1405 4055 memori

312 4107 373 4156 arn
408 4081 503 4156 tanti
528 4080 598 4154 viri
633 4080 775 4153 nullam
813 4090 915 4154 aetat
918 4105 978 4154 em
1016 4081 1303 4155 obscuratum
1294 4081 1339 4153 rri
1366 4082 1404 4155 in

310 4193 536 4282 perpetuum
569 4182 768 4281 patiantur.
814 4181 943 4256 lddem
980 4183 1025 4254 ad
1053 4193 1201 4255 exteras
1229 4183 1402 4258 nationes

312 4310 336 4381 1)
356 4310 451 4366 Μιιιι.
470 4311 516 4376 aa,
535 4311 580 4364 aa
