3146 5012
518 421 627 494 VITA
652 421 901 498 BRUNONIS.
1122 487 1128 500 .
1231 424 1252 496 3

168 721 338 796 INCIPIT
364 722 627 798 PRAEFATIO
655 723 794 797 VITAE
828 723 981 798 DOMNI
1014 722 1251 797 BRUNONIS

359 822 668 900 COLONIENSIS
694 824 1059 899 ARCHIEPISCOPI.

241 1026 398 1099 Domino
432 1029 469 1099 in
503 1025 635 1100 Christi
669 1030 793 1122 pratia
813 1026 1034 1100 beatissimo
1073 1032 1179 1121 atque
1215 1029 1252 1098 in

168 1131 265 1200 omni
282 1127 472 1222 splendore
489 1130 690 1221 sapientiae
703 1131 965 1221 perfectissimo
979 1126 1172 1224 FoIamaro
1192 1150 1251 1198 ar·

167 1227 391 1322 cniepiseopo
420 1225 647 1324 *IInotperns7
681 1253 869 1302 seruorum
903 1251 1053 1302 snorum
1091 1227 1250 1322 altimus,

164 1352 271 1402 aerae
288 1329 398 1402 clarit
383 1333 468 1402 tatis
484 1331 642 1425 ptoriam
659 1334 771 1425 sempi
774 1337 924 1403 t.ernam
951 1331 1130 1422 Imposuit
1145 1353 1251 1402 sana·

168 1433 282 1504 titatis
307 1437 446 1533 vestrae
472 1435 671 1504 reverentia
696 1455 804 1525 super
831 1439 943 1525 eaput
969 1454 1086 1503 meam
1103 1453 1250 1525 prooem

165 1531 307 1627 quietem
324 1535 522 1628 sarcinam,
549 1539 605 1605 set
615 1556 684 1627 pro
704 1540 814 1627 capta
835 1535 1033 1626 parvitatis
1052 1555 1153 1604 meae
1171 1530 1251 1603 dut·

166 1656 240 1704 aem
267 1589 530 1706 admodumeI
514 1632 770 1729 iracundam)
798 1632 1009 1706 videlieetn
1011 1636 1175 1712 toitam
1187 1629 1278 1704 mi?

164 1732 292 1806 rabilis
319 1743 355 1806 et
378 1738 560 1852 mapnifici
586 1734 848 1830 archiepiscopi
873 1735 1070 1829 Branonr's,
1096 1756 1169 1850 qna
1183 1758 1250 1826 po·

165 1837 294 1906 tuerim
311 1839 487 1909 sermonis
520 1835 625 1923 taoni
626 1843 700 1908 tate
708 1833 1002 1932 ,describerem
1045 1836 1110 1909 Cui
1134 1838 1189 1906 vir
1192 1841 1250 1906 tus

163 1933 310 2008 taudem
336 1959 404 2009 eon
405 1936 500 2032 tulit,
526 1961 699 2033 quamn
701 1940 806 2031 tipse
830 1940 971 2031 meruit7
946 1934 1072 2009 tstiii
1097 1937 1167 2008 mei
1194 1938 1249 2022 of·

163 2039 283 2122 fimum
308 2036 453 2131 implere
478 2060 552 2110 non
575 2042 704 2132 potnit.
744 2038 827 2111 De
814 2062 893 2131 ipso
914 2045 1033 2110 tamen
1051 2035 1249 2132 quomodo-

163 2159 312 2232 cumque
329 2138 439 2234 toqui,
459 2142 545 2234 qnia
562 2163 627 2212 aas
644 2141 812 2234 iussistis,
832 2136 1041 2211 detestabile
1059 2139 1141 2224 fnit.
1180 2136 1248 2226 Qui

163 2237 211 2309 ab
230 2240 331 2310 initio
357 2242 409 2312 sio
434 2242 510 2327 fait
534 2243 731 2334 animatas)
759 2247 889 2313 utnon
907 2242 1026 2333 mapis
1043 2261 1113 2311 sna
1132 2261 1247 2310 cansa

161 2361 199 2410 se
219 2347 371 2431 pataret
394 2349 534 2434 natum,
561 2365 669 2437 qnam
687 2348 816 2420 nostra
832 2343 953 2437 reique
980 2339 1148 2434 publicae
1164 2362 1247 2432 pro·
1312 2409 1350 2432 ff

162 2447 334 2512 creatum.
391 2441 492 2514 Fecit
515 2445 659 2514 omnino
692 2439 855 2535 plurima
890 2448 924 2513 et
949 2464 1066 2534 prope
1092 2443 1245 2536 infinita,
1348 2453 1351 2465 '

162 2562 255 2635 qnae
281 2540 392 2636 dipna
409 2545 560 2629 fuerunt
573 2546 791 2637 sempiterna
809 2546 985 2616 memoria
993 2572 1008 2636 5
1026 2549 1082 2614 set
1097 2565 1168 2614 nan
1187 2565 1244 2614 ea·

157 2648 275 2734 pectet
299 2640 449 2714 auditor
475 2648 542 2714 aut
565 2666 590 2714 a
613 2668 670 2714 me
696 2650 763 2716 aut
785 2667 809 2714 a
835 2643 993 2739 quolibet
1014 2642 1244 2716 haecomnia

161 2741 388 2834 explicanda.
427 2742 533 2833 Quod
558 2746 591 2817 si
617 2747 697 2839 qais
723 2743 874 2833 fideliter
900 2750 936 2816 et
957 2767 1038 2816 vere
1064 2741 1244 2838 apendnm

156 2847 396 2940 promitteret,
423 2844 586 2940 sinpatos
612 2868 703 2940 qnos
732 2847 929 2938 pueritiam
952 2851 1244 2939 praeterpressas

160 2944 251 3014 uiuit
274 2968 392 3018 annos
415 2948 574 3040 propriis
593 2953 629 3018 et
650 2945 706 3018 In's
723 2949 844 3042 ntique
861 2947 1041 3039 spaciosis
1060 2942 1243 3017 codicibus

160 3045 354 3139 r'nsipniret.
385 3043 541 3118 Aestima
577 3049 686 3142 ipitnr
717 3046 852 3119 maltos
878 3045 983 3140 Ionpe
1009 3045 1149 3141 lateque
1173 3043 1243 3116 hae

161 3152 358 3240 occupatos
375 3145 570 3242 industria,
607 3153 647 3218 ut
671 3155 773 3242 pesta
792 3150 868 3220 eins
884 3147 940 3219 his
958 3148 1066 3218 etiam
1084 3149 1145 3242 qui
1159 3153 1247 3238 post

158 3248 275 3332 futuri
292 3254 388 3342 sant,
409 3249 548 3342 partim
564 3247 755 3321 scribendo
768 3252 906 3344 partim
925 3245 1241 3321 commemorando

158 3349 419 3421 transmitteret.
455 3347 536 3421 Non
554 3351 701 3422 enimin
719 3373 794 3422 nna
809 3352 998 3444 prouincia
1025 3355 1091 3420 ant
1114 3349 1151 3419 in
1169 3369 1241 3420 nno

159 3448 370 3544 nepotiabat
369 3473 414 3522 ur
431 3474 565 3546 repno‚·
585 3453 745 3523 omnium
758 3475 849 3546 quos
863 3449 967 3522 adire
979 3455 1132 3543 poterat
1116 3447 1241 3522 tsatu-

45 3585 52 3598 ·
159 3553 228 3619 tem
246 3546 503 3622 benivolentiae
530 3558 636 3648 atque
653 3550 792 3624 laboris
810 3550 992 3645 studiique
1014 3552 1072 3622 sui
1094 3574 1242 3645 quaere·

158 3643 222 3720 bat
247 3654 465 3722 commertio
501 3650 584 3725 Non
603 3651 733 3725 desunt
753 3653 904 3768 plurimi
930 3651 1075 3747 purime
1092 3650 1192 3724 laute
1210 3659 1245 3723 et

155 3748 351 3842 prudenter
377 3755 500 3846 eaequi
520 3757 675 3870 possint
703 3776 801 3849 cnm,
837 3755 901 3825 etsi
856 3751 1017 3825 tnniii
1042 3753 1108 3825 aIii
1150 3752 1241 3845 tales

157 3849 306 3924 ualeant
328 3855 521 3948 repperiri,
547 3857 585 3926 in
610 3855 700 3927 sotis
725 3858 801 3926 eius
828 3852 1014 3947 dissipatis
1040 3895 1143 3970 Omne
1167 3879 1242 3944 sm.

159 3948 304 4024 diorum
330 3959 366 4025 et
390 3953 611 4050 eloquentiae
636 3979 748 4051 penas
774 3955 895 4028 adhue
919 3975 1052 4040 recent·
1040 3998 1052 4044 ι
1070 3965 1145 4046 eius
1170 3996 1241 4045 me.
1363 4026 1366 4031 .

159 4054 277 4125 moria
295 4057 308 4126 i
309 4060 347 4126 ta
360 4079 428 4148 per
445 4055 538 4128 malt
522 4063 559 4128 ta
578 4063 759 4129 terrarum
772 4061 856 4131 ioca
868 4055 1009 4164 tloreat
1023 4080 1066 4145 ut
1077 4076 1240 4146 mamma

125 4209 129 4224 .
158 4175 279 4226 reram
295 4160 511 4251 pestarum
498 4157 656 4254 insipnia
674 4180 747 4230 non
772 4189 947 4238 enarrare
969 4172 1092 4270 modo
1118 4198 1241 4247 verum

159 4259 196 4324 et
219 4279 396 4330 eaornare
421 4264 592 4350 sufficiat.
646 4262 743 4352 (tuot
765 4274 880 4361 quant
879 4292 988 4365 osque
1014 4273 1058 4348 eIe
1084 4275 1241 4349 alumnis
